<collection xmlns="http://www.loc.gov/MARC21/slim"><record>
  <controlfield tag="005">20120322140429.0</controlfield>
  <datafield tag="980" ind1=" " ind2=" ">
    <subfield code="a">ASTRONOMY</subfield>
  </datafield>
  <datafield tag="980" ind1=" " ind2=" ">
    <subfield code="a">OPENACCESS</subfield>
  </datafield>
  <datafield tag="980" ind1=" " ind2=" ">
    <subfield code="a">REFEREED</subfield>
  </datafield>
  <datafield tag="980" ind1=" " ind2=" ">
    <subfield code="a">ARTICLE</subfield>
  </datafield>
  <datafield tag="970" ind1=" " ind2=" ">
    <subfield code="a">2000ApJ...533..120C</subfield>
  </datafield>
  <datafield tag="035" ind1=" " ind2=" ">
    <subfield code="a">2000ApJ...533..120C</subfield>
    <subfield code="2">ADS bibcode</subfield>
  </datafield>
  <datafield tag="035" ind1=" " ind2=" ">
    <subfield code="y">1999astro.ph.12122C</subfield>
    <subfield code="2">eprint bibcode</subfield>
  </datafield>
  <datafield tag="024" ind1="7" ind2=" ">
    <subfield code="a">10.1086/308669</subfield>
    <subfield code="2">DOI</subfield>
  </datafield>
  <datafield tag="035" ind1=" " ind2=" ">
    <subfield code="a">astro-ph/9912122</subfield>
    <subfield code="2">arXiv</subfield>
  </datafield>
  <datafield tag="245" ind1=" " ind2=" ">
    <subfield code="a">The Origin of Lyα Absorption Systems at z〉1: Implications from the Hubble Deep Field</subfield>
  </datafield>
  <datafield tag="100" ind1=" " ind2=" ">
    <subfield code="a">Chen, Hsiao-Wen</subfield>
    <subfield code="b">Chen, H</subfield>
    <subfield code="e">regular</subfield>
    <subfield code="u">The Observatoires of the Carnegie Institution of Washington, 813 Santa Barbara Street, Pasadena, CA 91101 &lt;EMAIL&gt;hchen@ociw.edu&lt;/EMAIL&gt;</subfield>
    <subfield code="m">hchen@ociw.edu</subfield>
  </datafield>
  <datafield tag="700" ind1=" " ind2=" ">
    <subfield code="a">Lanzetta, Kenneth M.</subfield>
    <subfield code="b">Lanzetta, K</subfield>
    <subfield code="e">regular</subfield>
    <subfield code="u">Department of Physics and Astronomy, State University of New York at Stony Brook, Stony Brook, NY 11794-3800 &lt;EMAIL&gt;lanzetta@sbastr.ess.sunysb.edu&lt;/EMAIL&gt;</subfield>
    <subfield code="m">lanzetta@sbastr.ess.sunysb.edu</subfield>
  </datafield>
  <datafield tag="700" ind1=" " ind2=" ">
    <subfield code="a">Fernández-Soto, Alberto</subfield>
    <subfield code="b">Fernández-Soto, A</subfield>
    <subfield code="e">regular</subfield>
    <subfield code="u">Department of Astrophysics and Optics, School of Physics, University of New South Wales, Kensington-Sydney, NSW 2052, Australia</subfield>
  </datafield>
  <datafield tag="773" ind1=" " ind2=" ">
    <subfield code="p">The Astrophysical Journal</subfield>
    <subfield code="v">533</subfield>
    <subfield code="c">120-124</subfield>
    <subfield code="n">1</subfield>
    <subfield code="y">2000</subfield>
    <subfield code="z">The Astrophysical Journal, Volume 533, Issue 1, pp. 120-124.</subfield>
  </datafield>
  <datafield tag="260" ind1=" " ind2=" ">
    <subfield code="c">2000-04-00</subfield>
    <subfield code="t">date-published</subfield>
  </datafield>
  <datafield tag="653" ind1="1" ind2=" ">
    <subfield code="a">GALAXIES: EVOLUTION</subfield>
    <subfield code="9">Astronomy</subfield>
  </datafield>
  <datafield tag="653" ind1="1" ind2=" ">
    <subfield code="a">GALAXIES: HALOS</subfield>
    <subfield code="9">Astronomy</subfield>
  </datafield>
  <datafield tag="653" ind1="1" ind2=" ">
    <subfield code="a">GALAXIES: ISM</subfield>
    <subfield code="9">Astronomy</subfield>
  </datafield>
  <datafield tag="653" ind1="1" ind2=" ">
    <subfield code="a">GALAXIES: QUASARS: ABSORPTION LINES</subfield>
    <subfield code="9">Astronomy</subfield>
  </datafield>
  <datafield tag="653" ind1="1" ind2=" ">
    <subfield code="a">galaxies evolution</subfield>
    <subfield code="9">Normalized</subfield>
  </datafield>
  <datafield tag="653" ind1="1" ind2=" ">
    <subfield code="a">galaxies halos</subfield>
    <subfield code="9">Normalized</subfield>
  </datafield>
  <datafield tag="653" ind1="1" ind2=" ">
    <subfield code="a">galaxies intergalactic medium</subfield>
    <subfield code="9">Normalized</subfield>
  </datafield>
  <datafield tag="653" ind1="1" ind2=" ">
    <subfield code="a">galaxies quasars</subfield>
    <subfield code="9">Normalized</subfield>
  </datafield>
  <datafield tag="520" ind1=" " ind2=" ">
    <subfield code="a">The Hubble Deep Field images have provided us with a unique chance to relate statistical properties of high-redshift galaxies to statistical properties of Lyα absorption systems. Combining an empirical measure of the galaxy surface density versus redshift with an empirical measure of the gaseous extent of galaxies, we predict the number density of Lyα absorption systems that originate in extended gaseous envelopes of galaxies versus redshift. We show that at least 50% and as much as 100% of observed Lyα absorption systems of W〉~0.32 Å can be explained by extended gaseous envelopes of galaxies. Therefore, we conclude that known galaxies of known gaseous extent must produce a significant fraction and perhaps all of Lyα absorption systems over a large redshift range.</subfield>
    <subfield code="y">en</subfield>
  </datafield>
  <datafield tag="856" ind1="4" ind2=" ">
    <subfield code="u">http://adsabs.harvard.edu/cgi-bin/nph-data_query?bibcode=2000ApJ...533..120C&amp;link_type=EJOURNAL</subfield>
    <subfield code="y">Electronic On-line Article (HTML)</subfield>
  </datafield>
  <datafield tag="856" ind1="4" ind2=" ">
    <subfield code="u">http://adsabs.harvard.edu/cgi-bin/nph-data_query?bibcode=2000ApJ...533..120C&amp;link_type=ARTICLE</subfield>
    <subfield code="y">Full Printable Article (PDF/Postscript)</subfield>
  </datafield>
  <datafield tag="856" ind1="4" ind2=" ">
    <subfield code="u">http://adsabs.harvard.edu/cgi-bin/nph-data_query?bibcode=2000ApJ...533..120C&amp;link_type=SIMBAD</subfield>
    <subfield code="y">SIMBAD Objects</subfield>
  </datafield>
  <datafield tag="856" ind1="4" ind2=" ">
    <subfield code="u">http://adsabs.harvard.edu/cgi-bin/nph-data_query?bibcode=2000ApJ...533..120C&amp;link_type=PREPRINT</subfield>
    <subfield code="y">arXiv e-print</subfield>
  </datafield>
  <datafield tag="999" ind1="C" ind2="5">
    <subfield code="o">[1]</subfield>
    <subfield code="i">1999MNRAS.310..540A</subfield>
    <subfield code="e">1</subfield>
    <subfield code="f">IOP:UCP</subfield>
    <subfield code="b">Arnouts, S., Cristiani, S., Moscardini, L., Matarrese, S., Lucchin, F., Fontana, A., &amp; Giallongo, E. 1999, MNRAS, 310, 540</subfield>
  </datafield>
  <datafield tag="999" ind1="C" ind2="5">
    <subfield code="o">[2]</subfield>
    <subfield code="i">1994ApJS...91....1B</subfield>
    <subfield code="e">1</subfield>
    <subfield code="f">IOP:UCP</subfield>
    <subfield code="b">Bechtold, J. 1994, ApJS, 91, 1</subfield>
  </datafield>
  <datafield tag="999" ind1="C" ind2="5">
    <subfield code="o">[3]</subfield>
    <subfield code="i">1998ApJ...498...77C</subfield>
    <subfield code="e">1</subfield>
    <subfield code="f">IOP:UCP</subfield>
    <subfield code="b">Chen, H.-W., Lanzetta, K. M., Webb, J. K., &amp; Barcons, X. 1998, ApJ, 498, 77</subfield>
  </datafield>
  <datafield tag="999" ind1="C" ind2="5">
    <subfield code="o">[4]</subfield>
    <subfield code="i">1997ApJ...486L..11C</subfield>
    <subfield code="e">1</subfield>
    <subfield code="f">IOP:UCP</subfield>
    <subfield code="b">Connolly, A. J., Szalay, A. S., Dickinson, M., Subbarao, M. U., &amp; Brunner, R. J. 1997, ApJ, 486, L11</subfield>
  </datafield>
  <datafield tag="999" ind1="C" ind2="5">
    <subfield code="o">[5]</subfield>
    <subfield code="i">1997ARA&amp;amp;A..35..389E</subfield>
    <subfield code="e">1</subfield>
    <subfield code="f">IOP:UCP</subfield>
    <subfield code="b">Ellis, R. S. 1997, ARA&amp;A, 35, 389</subfield>
  </datafield>
  <datafield tag="999" ind1="C" ind2="5">
    <subfield code="o">[6]</subfield>
    <subfield code="i">1996MNRAS.280..235E</subfield>
    <subfield code="e">1</subfield>
    <subfield code="f">IOP:UCP</subfield>
    <subfield code="b">Ellis, R. S., Colless, M., Broadhurst, T., Heyl, J., &amp; Glazebrook, K. 1996, MNRAS, 280, 235</subfield>
  </datafield>
  <datafield tag="999" ind1="C" ind2="5">
    <subfield code="o">[7]</subfield>
    <subfield code="i">1996ApJ...460L..85F</subfield>
    <subfield code="e">1</subfield>
    <subfield code="f">IOP:UCP</subfield>
    <subfield code="b">Fernandez-Soto, A., Lanzetta, K. M., Barcons, X., Carswell, R. F., Webb, J. K., &amp; Yahil, A. 1996, ApJ, 460, L85</subfield>
  </datafield>
  <datafield tag="999" ind1="C" ind2="5">
    <subfield code="o">[8]</subfield>
    <subfield code="i">1999ApJ...513...34F</subfield>
    <subfield code="e">1</subfield>
    <subfield code="f">IOP:UCP</subfield>
    <subfield code="b">Fernandez-Soto, A., Lanzetta, K. M., &amp; Yahil, A. 1999, ApJ, 513, 34</subfield>
  </datafield>
  <datafield tag="999" ind1="C" ind2="5">
    <subfield code="o">[9]</subfield>
    <subfield code="i">1993MNRAS.263..575F</subfield>
    <subfield code="e">1</subfield>
    <subfield code="f">IOP:UCP</subfield>
    <subfield code="b">Frye, B. L., Bechtold, J., Moustakas, L. A., &amp; Dobrzycki, A. 1993, MNRAS, 263, 575</subfield>
  </datafield>
  <datafield tag="999" ind1="C" ind2="5">
    <subfield code="o">[10]</subfield>
    <subfield code="i">1995ApJ...442..538L</subfield>
    <subfield code="e">1</subfield>
    <subfield code="f">IOP:UCP</subfield>
    <subfield code="b">Lanzetta, K. M., Bowen, D. V., Tytler, D., &amp; Webb, J. K. 1995a, ApJ, 442, 538</subfield>
  </datafield>
  <datafield tag="999" ind1="C" ind2="5">
    <subfield code="o">[11]</subfield>
    <subfield code="i">1998hdf..symp..143L</subfield>
    <subfield code="e">1</subfield>
    <subfield code="f">IOP:UCP</subfield>
    <subfield code="b">Lanzetta, K. M., Fernandez-Soto, A., &amp; Yahil, A. 1998, in Proc. STScI Symp. (1997 May), The Hubble Deep Field, ed. M. Livio, S. M. Fall, &amp; P. Madau (Cambridge: Cambridge Univ. Press), 143</subfield>
  </datafield>
  <datafield tag="999" ind1="C" ind2="5">
    <subfield code="o">[12]</subfield>
    <subfield code="i">1996ApJ...456L..17L</subfield>
    <subfield code="e">1</subfield>
    <subfield code="f">IOP:UCP</subfield>
    <subfield code="b">Lanzetta, K. M., Webb, J. K., &amp; Barcons, X. 1996a, ApJ, 456, L17</subfield>
  </datafield>
  <datafield tag="999" ind1="C" ind2="5">
    <subfield code="o">[13]</subfield>
    <subfield code="i">1995ApJ...440..435L</subfield>
    <subfield code="e">1</subfield>
    <subfield code="f">IOP:UCP</subfield>
    <subfield code="b">Lanzetta, K. M., Wolfe, A. M., &amp; Turnshek, D. A. 1995b, ApJ, 440, 435</subfield>
  </datafield>
  <datafield tag="999" ind1="C" ind2="5">
    <subfield code="o">[14]</subfield>
    <subfield code="i">1996Natur.381..759L</subfield>
    <subfield code="e">1</subfield>
    <subfield code="f">IOP:UCP</subfield>
    <subfield code="b">Lanzetta, K. M., Yahil, A., &amp; Fernandez-Soto, A. 1996b, Nature, 381, 759</subfield>
  </datafield>
  <datafield tag="999" ind1="C" ind2="5">
    <subfield code="o">[15]</subfield>
    <subfield code="i">1999MNRAS.306..988M</subfield>
    <subfield code="e">1</subfield>
    <subfield code="f">IOP:UCP</subfield>
    <subfield code="b">Magliocchetti, M., &amp; Maddox, S. J. 1999, MNRAS, 306, 988</subfield>
  </datafield>
  <datafield tag="999" ind1="C" ind2="5">
    <subfield code="o">[16]</subfield>
    <subfield code="e">5</subfield>
    <subfield code="f">IOP:UCP</subfield>
    <subfield code="b">Ortiz-Gil, A., Lanzetta, K. M., Webb, J. K., Barcons, X., &amp; Fernandez-Soto, A. 1999, ApJ, 523, 720</subfield>
  </datafield>
  <datafield tag="999" ind1="C" ind2="5">
    <subfield code="o">[17]</subfield>
    <subfield code="i">1980ApJS...42...41S</subfield>
    <subfield code="e">1</subfield>
    <subfield code="f">IOP:UCP</subfield>
    <subfield code="b">Sargent, W. L. W., Young, P. J., Boksenberg, A., &amp; Tytler, D. 1980, ApJS, 42, 41</subfield>
  </datafield>
  <datafield tag="999" ind1="C" ind2="5">
    <subfield code="o">[18]</subfield>
    <subfield code="i">1997AJ....113....1S</subfield>
    <subfield code="e">1</subfield>
    <subfield code="f">IOP:UCP</subfield>
    <subfield code="b">Sawicki, M. J., Lin, H., &amp; Yee, H. K. C. 1997, AJ, 113, 1</subfield>
  </datafield>
  <datafield tag="999" ind1="C" ind2="5">
    <subfield code="o">[19]</subfield>
    <subfield code="i">1996AJ....112..335S</subfield>
    <subfield code="e">1</subfield>
    <subfield code="f">IOP:UCP</subfield>
    <subfield code="b">Songaila, A., &amp; Cowie, L. L. 1996, AJ, 112, 335</subfield>
  </datafield>
  <datafield tag="999" ind1="C" ind2="5">
    <subfield code="o">[20]</subfield>
    <subfield code="i">1996MNRAS.283L..79S</subfield>
    <subfield code="e">1</subfield>
    <subfield code="f">IOP:UCP</subfield>
    <subfield code="b">Storrie-Lombardi, L. J., McMahon, R. G., &amp; Irwin, M. J. 1996, MNRAS, 283, L79</subfield>
  </datafield>
  <datafield tag="999" ind1="C" ind2="5">
    <subfield code="o">[21]</subfield>
    <subfield code="i">1998ApJ...506....1W</subfield>
    <subfield code="e">1</subfield>
    <subfield code="f">IOP:UCP</subfield>
    <subfield code="b">Weymann, R. J., et al. 1998, ApJ, 506, 1</subfield>
  </datafield>
  <datafield tag="999" ind1="C" ind2="5">
    <subfield code="o">[22]</subfield>
    <subfield code="i">1996AJ....112.1335W</subfield>
    <subfield code="e">1</subfield>
    <subfield code="f">IOP:UCP</subfield>
    <subfield code="b">Williams, R. E., et al. 1996, AJ, 112, 1335</subfield>
  </datafield>
  <datafield tag="907" ind1=" " ind2=" ">
    <subfield code="a">UCP</subfield>
  </datafield>
  <datafield tag="995" ind1=" " ind2=" ">
    <subfield code="a">{"abs":[{"p":"/proj/ads/abstracts/ast/text/J20/J20-03640.abs","t":"1317941004"},{"p":"/proj/ads/abstracts/ast/text/S20/S20-03640.abs","t":"1321423177"}],"links":{"electr":[{"u":"http://dx.doi.org/10.1086%2F308669"}],"pdf":[{"u":"http://stacks.iop.org/0004-637X/533/120/pdf"}],"preprint":[{"u":"astro-ph/9912122"}],"simbad":[{"c":"1","u":"http://$SIMBAD$/simbo.pl?bibcode=2000ApJ...533..120C"}]},"prop":["open","refereed"],"refs":[{"p":"/proj/ads/references/resolved/ApJ/0533/iss1.raw.result","t":1316023146},{"p":"/proj/ads/references/resolved/ISI/ApJ/ApJ0533.isi.pairs.result","t":1302279933}]}</subfield>
    <subfield code="9">AST</subfield>
  </datafield>
</record>