
<record>
  <controlfield tag="005">20120320112343.0</controlfield>
  <datafield tag="980" ind1=" " ind2=" ">
    <subfield code="a">ASTRONOMY</subfield>
  </datafield>
  <datafield tag="980" ind1=" " ind2=" ">
    <subfield code="a">OPENACCESS</subfield>
  </datafield>
  <datafield tag="980" ind1=" " ind2=" ">
    <subfield code="a">REFEREED</subfield>
  </datafield>
  <datafield tag="980" ind1=" " ind2=" ">
    <subfield code="a">ARTICLE</subfield>
  </datafield>
  <datafield tag="970" ind1=" " ind2=" ">
    <subfield code="a">1982MNRAS.201P..13G</subfield>
  </datafield>
  <datafield tag="035" ind1=" " ind2=" ">
    <subfield code="a">1982MNRAS.201P..13G</subfield>
    <subfield code="2">ADS bibcode</subfield>
  </datafield>
  <datafield tag="245" ind1=" " ind2=" ">
    <subfield code="a">The Circinus galaxy - A second case of intense nuclear H2O emission</subfield>
  </datafield>
  <datafield tag="100" ind1=" " ind2=" ">
    <subfield code="a">Gardner, F. F.</subfield>
    <subfield code="b">Gardner, F</subfield>
    <subfield code="e">regular</subfield>
    <subfield code="u">Commonwealth Scientific and Industrial Research Organization, Div. of Radiophysics, Epping, New South Wales, Australia</subfield>
  </datafield>
  <datafield tag="700" ind1=" " ind2=" ">
    <subfield code="a">Whiteoak, J. B.</subfield>
    <subfield code="b">Whiteoak, J</subfield>
    <subfield code="e">regular</subfield>
    <subfield code="u">Commonwealth Scientific and Industrial Research Organization, Div. of Radiophysics, Epping, New South Wales, Australia</subfield>
  </datafield>
  <datafield tag="773" ind1=" " ind2=" ">
    <subfield code="p">Monthly Notices of the Royal Astronomical Society</subfield>
    <subfield code="v">201</subfield>
    <subfield code="c">13</subfield>
    <subfield code="y">1982</subfield>
    <subfield code="z">Monthly Notices of the Royal Astronomical Society, vol. 201, Oct. 1982, p. 13P-15P.</subfield>
  </datafield>
  <datafield tag="260" ind1=" " ind2=" ">
    <subfield code="c">1982-10-00</subfield>
    <subfield code="t">date-published</subfield>
  </datafield>
  <datafield tag="653" ind1="1" ind2=" ">
    <subfield code="a">ASTRONOMICAL SPECTROSCOPY</subfield>
    <subfield code="9">NASA/STI</subfield>
  </datafield>
  <datafield tag="653" ind1="1" ind2=" ">
    <subfield code="a">EMISSION SPECTRA</subfield>
    <subfield code="9">NASA/STI</subfield>
  </datafield>
  <datafield tag="653" ind1="1" ind2=" ">
    <subfield code="a">GALACTIC NUCLEI</subfield>
    <subfield code="9">NASA/STI</subfield>
  </datafield>
  <datafield tag="653" ind1="1" ind2=" ">
    <subfield code="a">SPIRAL GALAXIES</subfield>
    <subfield code="9">NASA/STI</subfield>
  </datafield>
  <datafield tag="653" ind1="1" ind2=" ">
    <subfield code="a">WATER MASERS</subfield>
    <subfield code="9">NASA/STI</subfield>
  </datafield>
  <datafield tag="653" ind1="1" ind2=" ">
    <subfield code="a">ATMOSPHERIC ATTENUATION</subfield>
    <subfield code="9">NASA/STI</subfield>
  </datafield>
  <datafield tag="653" ind1="1" ind2=" ">
    <subfield code="a">BROADBAND</subfield>
    <subfield code="9">NASA/STI</subfield>
  </datafield>
  <datafield tag="653" ind1="1" ind2=" ">
    <subfield code="a">RADIANT FLUX DENSITY</subfield>
    <subfield code="9">NASA/STI</subfield>
  </datafield>
  <datafield tag="653" ind1="1" ind2=" ">
    <subfield code="a">RADIO ASTRONOMY</subfield>
    <subfield code="9">NASA/STI</subfield>
  </datafield>
  <datafield tag="653" ind1="1" ind2=" ">
    <subfield code="a">SPECTRAL RESOLUTION</subfield>
    <subfield code="9">NASA/STI</subfield>
  </datafield>
  <datafield tag="653" ind1="1" ind2=" ">
    <subfield code="a">techniques spectroscopic</subfield>
    <subfield code="9">Normalized</subfield>
  </datafield>
  <datafield tag="653" ind1="1" ind2=" ">
    <subfield code="a">emission</subfield>
    <subfield code="9">Normalized</subfield>
  </datafield>
  <datafield tag="653" ind1="1" ind2=" ">
    <subfield code="a">galaxies nuclei</subfield>
    <subfield code="9">Normalized</subfield>
  </datafield>
  <datafield tag="653" ind1="1" ind2=" ">
    <subfield code="a">galaxies spiral</subfield>
    <subfield code="9">Normalized</subfield>
  </datafield>
  <datafield tag="653" ind1="1" ind2=" ">
    <subfield code="a">water</subfield>
    <subfield code="9">Normalized</subfield>
  </datafield>
  <datafield tag="653" ind1="1" ind2=" ">
    <subfield code="a">atmosphere</subfield>
    <subfield code="9">Normalized</subfield>
  </datafield>
  <datafield tag="653" ind1="1" ind2=" ">
    <subfield code="a">broadband</subfield>
    <subfield code="9">Normalized</subfield>
  </datafield>
  <datafield tag="653" ind1="1" ind2=" ">
    <subfield code="a">radiant flux density</subfield>
    <subfield code="9">Normalized</subfield>
  </datafield>
  <datafield tag="653" ind1="1" ind2=" ">
    <subfield code="a">astronomy radio</subfield>
    <subfield code="9">Normalized</subfield>
  </datafield>
  <datafield tag="520" ind1=" " ind2=" ">
    <subfield code="a">H2O maser emission has been detected in the Circinus galaxy from within 10-15 arcsec of its nucleus. It consists of several faint broad bands between the heliocentric velocities of 500 and 630 km/sec, on which are superimposed several narrow (approximately 1 km/sec) features with peak intensities as high as 12 Jy. The three brightest narrow-band features have a symmetry in velocity differences which suggests the presence of maser emission from a narrow shell expanding at a velocity of 27.5 km/sec. For a distance of 4 Mpc, the luminosity is 37 solar luminosities. This galaxy is the second found to have nuclear H2O emission with a luminosity at least an order of magnitude greater than any known H2O source in the Galaxy.</subfield>
    <subfield code="y">en</subfield>
  </datafield>
  <datafield tag="856" ind1="4" ind2=" ">
    <subfield code="u">http://adsabs.harvard.edu/cgi-bin/nph-data_query?bibcode=1982MNRAS.201P..13G&amp;link_type=GIF</subfield>
    <subfield code="y">Scanned Article (GIF)</subfield>
  </datafield>
  <datafield tag="856" ind1="4" ind2=" ">
    <subfield code="u">http://adsabs.harvard.edu/cgi-bin/nph-data_query?bibcode=1982MNRAS.201P..13G&amp;link_type=NED</subfield>
    <subfield code="y">NED Objects</subfield>
  </datafield>
  <datafield tag="856" ind1="4" ind2="^">
    <subfield code="u">http://adsabs.harvard.edu/cgi-bin/nph-data_query?bibcode=1982MNRAS.201P..13G&amp;link_type=ARTICLE</subfield>
    <subfield code="y">Full Printable Article (PDF/Postscript)</subfield>
  </datafield>
  <datafield tag="999" ind1="C" ind2="5">
    <subfield code="o">[1]</subfield>
    <subfield code="i">1981Natur.290...36S</subfield>
    <subfield code="e">1</subfield>
    <subfield code="f">ISI</subfield>
    <subfield code="b">1981Natur.290...36S</subfield>
  </datafield>
  <datafield tag="999" ind1="C" ind2="5">
    <subfield code="o">[2]</subfield>
    <subfield code="i">1982MNRAS.200P..19B</subfield>
    <subfield code="e">1</subfield>
    <subfield code="f">ISI</subfield>
    <subfield code="b">1982MNRAS.200P..19B</subfield>
  </datafield>
  <datafield tag="999" ind1="C" ind2="5">
    <subfield code="o">[3]</subfield>
    <subfield code="i">1977A&amp;amp;A....54..969C</subfield>
    <subfield code="e">1</subfield>
    <subfield code="f">OCR</subfield>
    <subfield code="b">Churchwell, E., Witzel, A., Huchtmeier, W. K., Pauliny-Toth, I., Roland, J. &amp; Sieber, W., 1977. Astr. Astrophys., 54,969.</subfield>
  </datafield>
  <datafield tag="999" ind1="C" ind2="5">
    <subfield code="o">[4]</subfield>
    <subfield code="i">1979Natur.278...34D</subfield>
    <subfield code="e">1</subfield>
    <subfield code="f">OCR</subfield>
    <subfield code="b">dos Santos, P. M. &amp; LepIne, J. R. D., 1979. Nature, 278, 34.</subfield>
  </datafield>
  <datafield tag="999" ind1="C" ind2="5">
    <subfield code="o">[5]</subfield>
    <subfield code="i">1977A&amp;amp;A....55..445F</subfield>
    <subfield code="e">1</subfield>
    <subfield code="f">OCR</subfield>
    <subfield code="b">Freeman, K. C., Karlsson, B., Lyng~, G., Burnell, J. F., von Woerden, H., Goss, W. M. &amp; Mebold, U., 1977. Astr. Astrophys., 55,445.</subfield>
  </datafield>
  <datafield tag="999" ind1="C" ind2="5">
    <subfield code="o">[6]</subfield>
    <subfield code="i">1977A&amp;amp;AS...30..145G</subfield>
    <subfield code="e">1</subfield>
    <subfield code="f">OCR</subfield>
    <subfield code="b">Genzel, R. &amp; Downes, D., 1977. Astr. Astrophys. Suppl., 30, 145.</subfield>
  </datafield>
  <datafield tag="999" ind1="C" ind2="5">
    <subfield code="o">[7]</subfield>
    <subfield code="i">1978A&amp;amp;A....64L..21H</subfield>
    <subfield code="e">1</subfield>
    <subfield code="f">OCR</subfield>
    <subfield code="b">Huchtmeier, W. K., Witzel, A., Ku.~hr, H., Pauliny-Toth, I. I. &amp; Roland, J., 1978. Astr. Astrophys., 64, L21.</subfield>
  </datafield>
  <datafield tag="999" ind1="C" ind2="5">
    <subfield code="o">[8]</subfield>
    <subfield code="i">1977Natur.270..501L</subfield>
    <subfield code="e">1</subfield>
    <subfield code="f">OCR</subfield>
    <subfield code="b">LepIne, J. R. D. &amp; dos Santos, P. M., 1977. Nature, 270, 501.</subfield>
  </datafield>
  <datafield tag="999" ind1="C" ind2="5">
    <subfield code="o">[9]</subfield>
    <subfield code="i">1972A&amp;amp;AS....6..327L</subfield>
    <subfield code="e">1</subfield>
    <subfield code="f">OCR</subfield>
    <subfield code="b">Lyng~, G. &amp; Hansson, N., 1972. Astr. Astrophys. Suppl., 6, 327.</subfield>
  </datafield>
  <datafield tag="999" ind1="C" ind2="5">
    <subfield code="o">[10]</subfield>
    <subfield code="i">1981IAUS...96..317R</subfield>
    <subfield code="e">1</subfield>
    <subfield code="f">OCR</subfield>
    <subfield code="b">Rieke, G. H., 1980. In Infrared Astronomy, Proc. IAU Symp. 96, p. 317, eds Wynn-Williams, C. G. &amp; Cruikshank, D. P., Reidel, Dordrecht, Holland.</subfield>
  </datafield>
  <datafield tag="999" ind1="C" ind2="5">
    <subfield code="o">[11]</subfield>
    <subfield code="i">1975ApJ...195L..81W</subfield>
    <subfield code="e">1</subfield>
    <subfield code="f">OCR</subfield>
    <subfield code="b">Whiteoak, J. B. &amp; Gardner, F. F., 1975.Astrophys. J., 195, L81.</subfield>
  </datafield>
  <datafield tag="907" ind1=" " ind2=" ">
    <subfield code="a">STI</subfield>
  </datafield>
  <datafield tag="500" ind1=" " ind2=" ">
    <subfield code="a">A&amp;amp;AA ID. AAA032.158.151</subfield>
    <subfield code="9">ADS</subfield>
  </datafield>
  <datafield tag="995" ind1=" " ind2=" ">
    <subfield code="a">{"abs":[{"p":"/proj/ads/abstracts/ast/text/A82/A82-46032.abs","t":"1321443165"},{"p":"/proj/ads/abstracts/ast/text/J82/J82-46032.abs","t":"1321442990"}],"links":{"ned":[{"c":"1","u":"http://$NED$/cgi-bin/nph-objsearch?search_type=Search&amp;refcode=1982MNRAS.201P..13G"}]},"prop":["article","refereed"],"refs":[{"p":"/proj/ads/references/resolved/ISI/MNRAS/MNRAS0201.isi.pairs.result","t":1303779872},{"p":"/proj/ads/references/resolved/MNRAS/0201/1982MNRAS.201P..13G.ref.ocr.txt.result","t":1281303626}]}</subfield>
    <subfield code="9">AST</subfield>
  </datafield>
</record>