
<record>
  <controlfield tag="005">20120320113111.0</controlfield>
  <datafield tag="980" ind1=" " ind2=" ">
    <subfield code="a">ASTRONOMY</subfield>
  </datafield>
  <datafield tag="980" ind1=" " ind2=" ">
    <subfield code="a">PHYSICS</subfield>
  </datafield>
  <datafield tag="980" ind1=" " ind2=" ">
    <subfield code="a">REFEREED</subfield>
  </datafield>
  <datafield tag="980" ind1=" " ind2=" ">
    <subfield code="a">ARTICLE</subfield>
  </datafield>
  <datafield tag="970" ind1=" " ind2=" ">
    <subfield code="a">1982PhRvD..25..995K</subfield>
  </datafield>
  <datafield tag="035" ind1=" " ind2=" ">
    <subfield code="a">1982PhRvD..25..995K</subfield>
    <subfield code="2">ADS bibcode</subfield>
  </datafield>
  <datafield tag="024" ind1="7" ind2=" ">
    <subfield code="a">10.1103/PhysRevD.25.995</subfield>
    <subfield code="2">DOI</subfield>
  </datafield>
  <datafield tag="245" ind1=" " ind2=" ">
    <subfield code="a">Exact solution of a rotating dyon black hole</subfield>
  </datafield>
  <datafield tag="100" ind1=" " ind2=" ">
    <subfield code="a">Kasuya, Masahiro</subfield>
    <subfield code="b">Kasuya, M</subfield>
    <subfield code="e">regular</subfield>
    <subfield code="u">Institute for Nuclear Study, University of Tokyo, Midori-cho, Tanashi, Tokyo 188, Japan</subfield>
  </datafield>
  <datafield tag="773" ind1=" " ind2=" ">
    <subfield code="p">Physical Review D (Particles and Fields)</subfield>
    <subfield code="v">25</subfield>
    <subfield code="c">1995</subfield>
    <subfield code="y">1982</subfield>
    <subfield code="z">Physical Review D (Particles and Fields), Volume 25, Issue 4, 15 February 1982, pp.995-1001</subfield>
  </datafield>
  <datafield tag="260" ind1=" " ind2=" ">
    <subfield code="c">1982-02-00</subfield>
    <subfield code="t">date-published</subfield>
  </datafield>
  <datafield tag="520" ind1=" " ind2=" ">
    <subfield code="a">We present an exact solution of a rotating dyon black hole in the Tomimatsu-Sato-Yamazaki space-time and study its special case, i.e., the exact rotating dyon solution for which the space-time metric takes the Kerr-Newman form. This solution is characterized by four physical parameters (mass M, angular momentum S, electric charge Q, and magnetic charge Φ), represents a black hole, and reduces to the rotating monopole in the case Q=0.</subfield>
    <subfield code="y">en</subfield>
  </datafield>
  <datafield tag="856" ind1="4" ind2=" ">
    <subfield code="u">http://adsabs.harvard.edu/cgi-bin/nph-data_query?bibcode=1982PhRvD..25..995K&amp;link_type=SPIRES</subfield>
    <subfield code="y">HEP/Spires Information</subfield>
  </datafield>
  <datafield tag="856" ind1="4" ind2=" ">
    <subfield code="u">http://adsabs.harvard.edu/cgi-bin/nph-data_query?bibcode=1982PhRvD..25..995K&amp;link_type=EJOURNAL</subfield>
    <subfield code="y">Electronic On-line Article (HTML)</subfield>
  </datafield>
  <datafield tag="999" ind1="C" ind2="5">
    <subfield code="o">[1]</subfield>
    <subfield code="i">1981PhLB..103..351K</subfield>
    <subfield code="e">1</subfield>
    <subfield code="f">ISI</subfield>
    <subfield code="b">1981PhLB..103..351K</subfield>
  </datafield>
  <datafield tag="999" ind1="C" ind2="5">
    <subfield code="o">[2]</subfield>
    <subfield code="i">1931RSPSA.133...60D</subfield>
    <subfield code="e">1</subfield>
    <subfield code="f">CrossRef</subfield>
    <subfield code="b">&lt;citation key="x"&gt;&lt;journal_title&gt;proc r soc london&lt;/journal_title&gt;&lt;author/&gt;&lt;volume&gt;a133&lt;/volume&gt;&lt;first_page&gt;60&lt;/first_page&gt;&lt;cYear&gt;1931&lt;/cYear&gt;&lt;article_title/&gt;&lt;/citation&gt;</subfield>
  </datafield>
  <datafield tag="999" ind1="C" ind2="5">
    <subfield code="o">[3]</subfield>
    <subfield code="i">1981PhLB..103..353K</subfield>
    <subfield code="e">1</subfield>
    <subfield code="f">ISI</subfield>
    <subfield code="b">1981PhLB..103..353K</subfield>
  </datafield>
  <datafield tag="999" ind1="C" ind2="5">
    <subfield code="o">[4]</subfield>
    <subfield code="i">1974NuPhB..79..276T</subfield>
    <subfield code="e">1</subfield>
    <subfield code="f">CrossRef</subfield>
    <subfield code="b">&lt;citation key="x"&gt;&lt;journal_title&gt;nucl phys&lt;/journal_title&gt;&lt;author/&gt;&lt;volume&gt;b79&lt;/volume&gt;&lt;first_page&gt;276&lt;/first_page&gt;&lt;cYear&gt;1974&lt;/cYear&gt;&lt;article_title/&gt;&lt;/citation&gt;</subfield>
  </datafield>
  <datafield tag="999" ind1="C" ind2="5">
    <subfield code="o">[5]</subfield>
    <subfield code="e">0</subfield>
    <subfield code="f">CrossRef</subfield>
    <subfield code="b">&lt;citation key="x"&gt;&lt;author/&gt;&lt;cYear&gt;1973&lt;/cYear&gt;&lt;volume_title&gt;gravitation&lt;/volume_title&gt;&lt;article_title/&gt;&lt;/citation&gt;</subfield>
  </datafield>
  <datafield tag="999" ind1="C" ind2="5">
    <subfield code="o">[6]</subfield>
    <subfield code="i">1980PhLB...93..303S</subfield>
    <subfield code="e">1</subfield>
    <subfield code="f">CrossRef</subfield>
    <subfield code="b">&lt;citation key="x"&gt;&lt;journal_title&gt;phys lett&lt;/journal_title&gt;&lt;author/&gt;&lt;volume&gt;93b&lt;/volume&gt;&lt;first_page&gt;303&lt;/first_page&gt;&lt;cYear&gt;1980&lt;/cYear&gt;&lt;article_title/&gt;&lt;/citation&gt;</subfield>
  </datafield>
  <datafield tag="999" ind1="C" ind2="5">
    <subfield code="o">[7]</subfield>
    <subfield code="i">1975PhRvD..11.2227J</subfield>
    <subfield code="a">doi: 10.1103/PhysRevD.11.2227</subfield>
    <subfield code="e">1</subfield>
    <subfield code="f">CrossRef</subfield>
    <subfield code="b">&lt;citation key="y"&gt;&lt;journal_title&gt;Physical Review D&lt;/journal_title&gt;&lt;issn&gt;15507998&lt;/issn&gt;&lt;author&gt;Julia&lt;/author&gt;&lt;volume&gt;11&lt;/volume&gt;&lt;issue&gt;8&lt;/issue&gt;&lt;first_page&gt;2227&lt;/first_page&gt;&lt;cYear&gt;1975&lt;/cYear&gt;&lt;doi&gt;10.1103/PhysRevD.11.2227&lt;/doi&gt;&lt;article_title&gt;Poles with both magnetic and electric charges in non-Abelian gauge theory&lt;/article_title&gt;&lt;/citation&gt;</subfield>
  </datafield>
  <datafield tag="999" ind1="C" ind2="5">
    <subfield code="o">[8]</subfield>
    <subfield code="i">1980PhRvD..22..290S</subfield>
    <subfield code="a">doi: 10.1103/PhysRevD.22.290</subfield>
    <subfield code="e">1</subfield>
    <subfield code="f">CrossRef</subfield>
    <subfield code="b">&lt;citation key="y"&gt;&lt;journal_title&gt;Physical Review D&lt;/journal_title&gt;&lt;issn&gt;15507998&lt;/issn&gt;&lt;author&gt;Shima&lt;/author&gt;&lt;volume&gt;22&lt;/volume&gt;&lt;issue&gt;2&lt;/issue&gt;&lt;first_page&gt;290&lt;/first_page&gt;&lt;cYear&gt;1980&lt;/cYear&gt;&lt;doi&gt;10.1103/PhysRevD.22.290&lt;/doi&gt;&lt;article_title&gt;Exact classical solution of the equation of motion for the Rarita-Schwinger Majorana field and topology of flat space in supergravity&lt;/article_title&gt;&lt;/citation&gt;</subfield>
  </datafield>
  <datafield tag="999" ind1="C" ind2="5">
    <subfield code="o">[9]</subfield>
    <subfield code="i">1977PhRvD..15.3530G</subfield>
    <subfield code="a">doi: 10.1103/PhysRevD.15.3530</subfield>
    <subfield code="e">1</subfield>
    <subfield code="f">CrossRef</subfield>
    <subfield code="b">&lt;citation key="y"&gt;&lt;journal_title&gt;Physical Review D&lt;/journal_title&gt;&lt;issn&gt;15507998&lt;/issn&gt;&lt;author&gt;Gibbons&lt;/author&gt;&lt;volume&gt;15&lt;/volume&gt;&lt;issue&gt;12&lt;/issue&gt;&lt;first_page&gt;3530&lt;/first_page&gt;&lt;cYear&gt;1977&lt;/cYear&gt;&lt;doi&gt;10.1103/PhysRevD.15.3530&lt;/doi&gt;&lt;article_title&gt;Black-hole dyons need not explode&lt;/article_title&gt;&lt;/citation&gt;</subfield>
  </datafield>
  <datafield tag="999" ind1="C" ind2="5">
    <subfield code="o">[10]</subfield>
    <subfield code="i">1973PhRvD...7.2520E</subfield>
    <subfield code="a">doi: 10.1103/PhysRevD.7.2520</subfield>
    <subfield code="e">1</subfield>
    <subfield code="f">CrossRef</subfield>
    <subfield code="b">&lt;citation key="y"&gt;&lt;journal_title&gt;Physical Review D&lt;/journal_title&gt;&lt;issn&gt;15507998&lt;/issn&gt;&lt;author&gt;Ernst&lt;/author&gt;&lt;volume&gt;7&lt;/volume&gt;&lt;issue&gt;8&lt;/issue&gt;&lt;first_page&gt;2520&lt;/first_page&gt;&lt;cYear&gt;1973&lt;/cYear&gt;&lt;doi&gt;10.1103/PhysRevD.7.2520&lt;/doi&gt;&lt;article_title&gt;Charged Version of Tomimatsu-Sato Spinning-Mass Field&lt;/article_title&gt;&lt;/citation&gt;</subfield>
  </datafield>
  <datafield tag="999" ind1="C" ind2="5">
    <subfield code="o">[11]</subfield>
    <subfield code="i">1972PhRvL..29.1344T</subfield>
    <subfield code="a">doi: 10.1103/PhysRevLett.29.1344</subfield>
    <subfield code="e">1</subfield>
    <subfield code="f">CrossRef</subfield>
    <subfield code="b">&lt;citation key="y"&gt;&lt;journal_title&gt;Physical Review Letters&lt;/journal_title&gt;&lt;issn&gt;00319007&lt;/issn&gt;&lt;author&gt;Tomimatsu&lt;/author&gt;&lt;volume&gt;29&lt;/volume&gt;&lt;issue&gt;19&lt;/issue&gt;&lt;first_page&gt;1344&lt;/first_page&gt;&lt;cYear&gt;1972&lt;/cYear&gt;&lt;doi&gt;10.1103/PhysRevLett.29.1344&lt;/doi&gt;&lt;article_title&gt;New Exact Solution for the Gravitational Field of a Spinning Mass&lt;/article_title&gt;&lt;/citation&gt;</subfield>
  </datafield>
  <datafield tag="999" ind1="C" ind2="5">
    <subfield code="o">[12]</subfield>
    <subfield code="i">1975PhRvL..35..760P</subfield>
    <subfield code="a">doi: 10.1103/PhysRevLett.35.760</subfield>
    <subfield code="e">1</subfield>
    <subfield code="f">CrossRef</subfield>
    <subfield code="b">&lt;citation key="y"&gt;&lt;journal_title&gt;Physical Review Letters&lt;/journal_title&gt;&lt;issn&gt;00319007&lt;/issn&gt;&lt;author&gt;Prasad&lt;/author&gt;&lt;volume&gt;35&lt;/volume&gt;&lt;issue&gt;12&lt;/issue&gt;&lt;first_page&gt;760&lt;/first_page&gt;&lt;cYear&gt;1975&lt;/cYear&gt;&lt;doi&gt;10.1103/PhysRevLett.35.760&lt;/doi&gt;&lt;article_title&gt;Exact Classical Solution for the 't Hooft Monopole and the Julia-Zee Dyon&lt;/article_title&gt;&lt;/citation&gt;</subfield>
  </datafield>
  <datafield tag="999" ind1="C" ind2="5">
    <subfield code="o">[13]</subfield>
    <subfield code="i">1966PhRv..144.1087S</subfield>
    <subfield code="a">doi: 10.1103/PhysRev.144.1087</subfield>
    <subfield code="e">1</subfield>
    <subfield code="f">CrossRef</subfield>
    <subfield code="b">&lt;citation key="y"&gt;&lt;journal_title&gt;Physical Review&lt;/journal_title&gt;&lt;issn&gt;0031899X&lt;/issn&gt;&lt;author&gt;Schwinger&lt;/author&gt;&lt;volume&gt;144&lt;/volume&gt;&lt;issue&gt;4&lt;/issue&gt;&lt;first_page&gt;1087&lt;/first_page&gt;&lt;cYear&gt;1966&lt;/cYear&gt;&lt;doi&gt;10.1103/PhysRev.144.1087&lt;/doi&gt;&lt;article_title&gt;Magnetic Charge and Quantum Field Theory&lt;/article_title&gt;&lt;/citation&gt;</subfield>
  </datafield>
  <datafield tag="999" ind1="C" ind2="5">
    <subfield code="o">[14]</subfield>
    <subfield code="e">0</subfield>
    <subfield code="f">APS</subfield>
    <subfield code="b">&lt;ref citid="C9" status="tobepublished"&gt;&lt;article&gt;&lt;refauth&gt;M. Kasuya&lt;/refauth&gt; and &lt;refauth&gt;M. Kamata&lt;/refauth&gt;, &lt;journal&gt;Nuovo Cimento&lt;/journal&gt; (to be published) &lt;/article&gt;&lt;/ref&gt;</subfield>
  </datafield>
  <datafield tag="999" ind1="C" ind2="5">
    <subfield code="o">[15]</subfield>
    <subfield code="i">1968PhRv..167.1175E</subfield>
    <subfield code="a">doi: 10.1103/PhysRev.167.1175</subfield>
    <subfield code="e">1</subfield>
    <subfield code="f">CrossRef</subfield>
    <subfield code="b">&lt;citation key="y"&gt;&lt;journal_title&gt;Physical Review&lt;/journal_title&gt;&lt;issn&gt;0031899X&lt;/issn&gt;&lt;author&gt;Ernst&lt;/author&gt;&lt;volume&gt;167&lt;/volume&gt;&lt;issue&gt;5&lt;/issue&gt;&lt;first_page&gt;1175&lt;/first_page&gt;&lt;cYear&gt;1968&lt;/cYear&gt;&lt;doi&gt;10.1103/PhysRev.167.1175&lt;/doi&gt;&lt;article_title&gt;New Formulation of the Axially Symmetric Gravitational Field Problem&lt;/article_title&gt;&lt;/citation&gt;</subfield>
  </datafield>
  <datafield tag="999" ind1="C" ind2="5">
    <subfield code="o">[16]</subfield>
    <subfield code="i">1968PhRv..168.1415E</subfield>
    <subfield code="a">doi: 10.1103/PhysRev.168.1415</subfield>
    <subfield code="e">1</subfield>
    <subfield code="f">CrossRef</subfield>
    <subfield code="b">&lt;citation key="y"&gt;&lt;journal_title&gt;Physical Review&lt;/journal_title&gt;&lt;issn&gt;0031899X&lt;/issn&gt;&lt;author&gt;Ernst&lt;/author&gt;&lt;volume&gt;168&lt;/volume&gt;&lt;issue&gt;5&lt;/issue&gt;&lt;first_page&gt;1415&lt;/first_page&gt;&lt;cYear&gt;1968&lt;/cYear&gt;&lt;doi&gt;10.1103/PhysRev.168.1415&lt;/doi&gt;&lt;article_title&gt;New Formulation of the Axially Symmetric Gravitational Field Problem. II&lt;/article_title&gt;&lt;/citation&gt;</subfield>
  </datafield>
  <datafield tag="999" ind1="C" ind2="5">
    <subfield code="o">[17]</subfield>
    <subfield code="e">0</subfield>
    <subfield code="f">APS</subfield>
    <subfield code="b">&lt;ref abbrev="prevau" citid="C10" status="tobepublished"&gt;&lt;article&gt;&lt;refauth&gt;M. Kamata&lt;/refauth&gt;&lt;refauth&gt;M. Kasuya&lt;/refauth&gt;&lt;journal&gt;Nuovo Cimento&lt;/journal&gt; (to be published) &lt;/article&gt;&lt;/ref&gt;</subfield>
  </datafield>
  <datafield tag="999" ind1="C" ind2="5">
    <subfield code="o">[18]</subfield>
    <subfield code="i">1948PhRv...74..817D</subfield>
    <subfield code="a">doi: 10.1103/PhysRev.74.817</subfield>
    <subfield code="e">1</subfield>
    <subfield code="f">CrossRef</subfield>
    <subfield code="b">&lt;citation key="y"&gt;&lt;journal_title&gt;Physical Review&lt;/journal_title&gt;&lt;issn&gt;0031899X&lt;/issn&gt;&lt;author&gt;Dirac&lt;/author&gt;&lt;volume&gt;74&lt;/volume&gt;&lt;issue&gt;7&lt;/issue&gt;&lt;first_page&gt;817&lt;/first_page&gt;&lt;cYear&gt;1948&lt;/cYear&gt;&lt;doi&gt;10.1103/PhysRev.74.817&lt;/doi&gt;&lt;article_title&gt;The Theory of Magnetic Poles&lt;/article_title&gt;&lt;/citation&gt;</subfield>
  </datafield>
  <datafield tag="999" ind1="C" ind2="5">
    <subfield code="o">[19]</subfield>
    <subfield code="i">1975JMP....16..433A</subfield>
    <subfield code="a">doi: 10.1063/1.522518</subfield>
    <subfield code="e">1</subfield>
    <subfield code="f">CrossRef</subfield>
    <subfield code="b">&lt;citation key="y"&gt;&lt;journal_title&gt;Journal of Mathematical Physics&lt;/journal_title&gt;&lt;issn&gt;00222488&lt;/issn&gt;&lt;author&gt;Arafune&lt;/author&gt;&lt;volume&gt;16&lt;/volume&gt;&lt;issue&gt;2&lt;/issue&gt;&lt;first_page&gt;433&lt;/first_page&gt;&lt;cYear&gt;1975&lt;/cYear&gt;&lt;doi&gt;10.1063/1.522518&lt;/doi&gt;&lt;article_title&gt;Topology of Higgs fields&lt;/article_title&gt;&lt;/citation&gt;</subfield>
  </datafield>
  <datafield tag="999" ind1="C" ind2="5">
    <subfield code="o">[20]</subfield>
    <subfield code="e">0</subfield>
    <subfield code="f">APS</subfield>
    <subfield code="b">&lt;ref abbrev="prevau" citid="C11" status="tobepublished"&gt;&lt;article&gt;&lt;refauth&gt;M. Kasuya&lt;/refauth&gt;&lt;journal&gt;Prog. Theor. Phys.&lt;/journal&gt; (to be published) &lt;/article&gt;&lt;/ref&gt;</subfield>
  </datafield>
  <datafield tag="999" ind1="C" ind2="5">
    <subfield code="o">[21]</subfield>
    <subfield code="i">1977JMP....18.2502Y</subfield>
    <subfield code="a">doi: 10.1063/1.523213</subfield>
    <subfield code="e">1</subfield>
    <subfield code="f">CrossRef</subfield>
    <subfield code="b">&lt;citation key="y"&gt;&lt;journal_title&gt;Journal of Mathematical Physics&lt;/journal_title&gt;&lt;issn&gt;00222488&lt;/issn&gt;&lt;author&gt;Yamazaki&lt;/author&gt;&lt;volume&gt;18&lt;/volume&gt;&lt;issue&gt;12&lt;/issue&gt;&lt;first_page&gt;2502&lt;/first_page&gt;&lt;cYear&gt;1977&lt;/cYear&gt;&lt;doi&gt;10.1063/1.523213&lt;/doi&gt;&lt;article_title&gt;On the Kerr--Tomimatsu--Sato family of spinning mass solutions&lt;/article_title&gt;&lt;/citation&gt;</subfield>
  </datafield>
  <datafield tag="999" ind1="C" ind2="5">
    <subfield code="o">[22]</subfield>
    <subfield code="i">1978JMP....19.1376Y</subfield>
    <subfield code="a">doi: 10.1063/1.523835</subfield>
    <subfield code="e">1</subfield>
    <subfield code="f">CrossRef</subfield>
    <subfield code="b">&lt;citation key="y"&gt;&lt;journal_title&gt;Journal of Mathematical Physics&lt;/journal_title&gt;&lt;issn&gt;00222488&lt;/issn&gt;&lt;author&gt;Yamazaki&lt;/author&gt;&lt;volume&gt;19&lt;/volume&gt;&lt;issue&gt;6&lt;/issue&gt;&lt;first_page&gt;1376&lt;/first_page&gt;&lt;cYear&gt;1978&lt;/cYear&gt;&lt;doi&gt;10.1063/1.523835&lt;/doi&gt;&lt;article_title&gt;On the charged Kerr--Tomimatsu--Sato family of solutions&lt;/article_title&gt;&lt;/citation&gt;</subfield>
  </datafield>
  <datafield tag="999" ind1="C" ind2="5">
    <subfield code="o">[23]</subfield>
    <subfield code="e">0</subfield>
    <subfield code="f">APS</subfield>
    <subfield code="b">&lt;ref citid="C13" status="tobepublished"&gt;&lt;article&gt;&lt;refauth&gt;M. Kasuya&lt;/refauth&gt;, &lt;journal&gt;Phys. Lett. B&lt;/journal&gt; (to be published) &lt;/article&gt;&lt;/ref&gt;</subfield>
  </datafield>
  <datafield tag="999" ind1="C" ind2="5">
    <subfield code="o">[24]</subfield>
    <subfield code="i">1965JMP.....6..918N</subfield>
    <subfield code="a">doi: 10.1063/1.1704351</subfield>
    <subfield code="e">1</subfield>
    <subfield code="f">CrossRef</subfield>
    <subfield code="b">&lt;citation key="y"&gt;&lt;journal_title&gt;Journal of Mathematical Physics&lt;/journal_title&gt;&lt;issn&gt;00222488&lt;/issn&gt;&lt;author&gt;Newman&lt;/author&gt;&lt;volume&gt;6&lt;/volume&gt;&lt;issue&gt;6&lt;/issue&gt;&lt;first_page&gt;918&lt;/first_page&gt;&lt;cYear&gt;1965&lt;/cYear&gt;&lt;doi&gt;10.1063/1.1704351&lt;/doi&gt;&lt;article_title&gt;Metric of a Rotating, Charged Mass&lt;/article_title&gt;&lt;/citation&gt;</subfield>
  </datafield>
  <datafield tag="999" ind1="C" ind2="5">
    <subfield code="o">[25]</subfield>
    <subfield code="i">1973grav.book.....M</subfield>
    <subfield code="e">1</subfield>
    <subfield code="f">APS</subfield>
    <subfield code="b">&lt;ref citid="C15"&gt;&lt;book&gt;&lt;refauth&gt;C. W. Misner&lt;/refauth&gt;, &lt;refauth&gt;K. S. Thorne&lt;/refauth&gt;, and &lt;refauth&gt;J. A. Wheeler&lt;/refauth&gt;, &lt;booktitle&gt;Gravitation&lt;/booktitle&gt; (&lt;publisher&gt;Freeman, San Francisco&lt;/publisher&gt;, &lt;date&gt;1973&lt;/date&gt;) &lt;/book&gt;&lt;/ref&gt;</subfield>
  </datafield>
  <datafield tag="907" ind1=" " ind2=" ">
    <subfield code="a">AIP; APS</subfield>
  </datafield>
  <datafield tag="995" ind1=" " ind2=" ">
    <subfield code="a">{"abs":[{"p":"/proj/ads/abstracts/ast/text/J52/J52-03316.abs","t":"1304523511"}],"links":{"electr":[{"u":"http://link.aps.org/doi/10.1103/PhysRevD.25.995"}],"ereference":[{"u":"http://link.aps.org/doi/10.1103/PhysRevD.25.995"}],"spires":[{"u":"http://www.slac.stanford.edu/spires/find/hep/www?fin+j+PHRVA,D25,995"}]},"prop":["refereed"],"refs":[{"p":"/proj/ads/references/resolved/ISI/PhRvD/PhRvD0025.isi.pairs.result","t":1302281468},{"p":"/proj/ads/references/resolved/PhRvD/0025/10.1103_PhysRevD.25.995.xref.xml.result","t":1301828876},{"p":"/proj/ads/references/resolved/PhRvD/0025/1982PhRvD..25..995K.ref.xml.result","t":1301829403}]}</subfield>
    <subfield code="9">AST</subfield>
  </datafield>
</record>