
<record>
  <controlfield tag="005">20120320062226.0</controlfield>
  <datafield tag="980" ind1=" " ind2=" ">
    <subfield code="a">ASTRONOMY</subfield>
  </datafield>
  <datafield tag="980" ind1=" " ind2=" ">
    <subfield code="a">OCRABSTRACT</subfield>
  </datafield>
  <datafield tag="980" ind1=" " ind2=" ">
    <subfield code="a">OPENACCESS</subfield>
  </datafield>
  <datafield tag="980" ind1=" " ind2=" ">
    <subfield code="a">REFEREED</subfield>
  </datafield>
  <datafield tag="980" ind1=" " ind2=" ">
    <subfield code="a">ARTICLE</subfield>
  </datafield>
  <datafield tag="970" ind1=" " ind2=" ">
    <subfield code="a">1972ApJ...178..377B</subfield>
  </datafield>
  <datafield tag="035" ind1=" " ind2=" ">
    <subfield code="a">1972ApJ...178..377B</subfield>
    <subfield code="2">ADS bibcode</subfield>
  </datafield>
  <datafield tag="024" ind1="7" ind2=" ">
    <subfield code="a">10.1086/151798</subfield>
    <subfield code="2">DOI</subfield>
  </datafield>
  <datafield tag="245" ind1=" " ind2=" ">
    <subfield code="a">Soft X-Ray Spectra of the Cygnus Loop and Cygnus X-2 in the Energy Range 0. 1 6-6.7 KEV</subfield>
  </datafield>
  <datafield tag="100" ind1=" " ind2=" ">
    <subfield code="a">Bleeker, J. A. M.</subfield>
    <subfield code="b">Bleeker, J</subfield>
    <subfield code="e">regular</subfield>
  </datafield>
  <datafield tag="700" ind1=" " ind2=" ">
    <subfield code="a">Deerenberg, A. J. M.</subfield>
    <subfield code="b">Deerenberg, A</subfield>
    <subfield code="e">regular</subfield>
  </datafield>
  <datafield tag="700" ind1=" " ind2=" ">
    <subfield code="a">Yamashita, K.</subfield>
    <subfield code="b">Yamashita, K</subfield>
    <subfield code="e">regular</subfield>
  </datafield>
  <datafield tag="700" ind1=" " ind2=" ">
    <subfield code="a">Hayakawa, S.</subfield>
    <subfield code="b">Hayakawa, S</subfield>
    <subfield code="e">regular</subfield>
  </datafield>
  <datafield tag="700" ind1=" " ind2=" ">
    <subfield code="a">Tanaka, Y.</subfield>
    <subfield code="b">Tanaka, Y</subfield>
    <subfield code="e">regular</subfield>
  </datafield>
  <datafield tag="773" ind1=" " ind2=" ">
    <subfield code="p">Astrophysical Journal</subfield>
    <subfield code="v">178</subfield>
    <subfield code="c">377-388</subfield>
    <subfield code="y">1972</subfield>
    <subfield code="z">Astrophysical Journal, Vol. 178, pp. 377-388 (1972)</subfield>
  </datafield>
  <datafield tag="260" ind1=" " ind2=" ">
    <subfield code="c">1972-12-00</subfield>
    <subfield code="t">date-published</subfield>
  </datafield>
  <datafield tag="520" ind1=" " ind2=" ">
    <subfield code="a">Soft X-ray spectra of the Cygnus Loop and Cyg X-2 were obtained during flight of a rocket borne soft X-ray experiment on 1971 May 26. The spectrum of the Cygnus Loop is best represented by thermal bremsstrahlung of a plasma at 2.7 x 106 K with interstellar absorption of 5.5 x 1020 H atoms . It is unnecessary to invoke a strong line near 0.60 keV as reported by Gorenstein et al. The soft X-ray spectrum of Cyg X-2 indicates a column density which is compatible with that expected for its optical counterpart.</subfield>
    <subfield code="y">en</subfield>
  </datafield>
  <datafield tag="856" ind1="4" ind2=" ">
    <subfield code="u">http://adsabs.harvard.edu/cgi-bin/nph-data_query?bibcode=1972ApJ...178..377B&amp;link_type=GIF</subfield>
    <subfield code="y">Scanned Article (GIF)</subfield>
  </datafield>
  <datafield tag="856" ind1="4" ind2="^">
    <subfield code="u">http://adsabs.harvard.edu/cgi-bin/nph-data_query?bibcode=1972ApJ...178..377B&amp;link_type=ARTICLE</subfield>
    <subfield code="y">Full Printable Article (PDF/Postscript)</subfield>
  </datafield>
  <datafield tag="999" ind1="C" ind2="5">
    <subfield code="o">[1]</subfield>
    <subfield code="i">1972ApJ...171...51B</subfield>
    <subfield code="e">1</subfield>
    <subfield code="f">OCR</subfield>
    <subfield code="b">Bleach, R. D., Boldt, E. A., Holt, S. S., Schwartz, D. A., and Serlemitsos, P. J. 1972, Ap. J., 171, 51.</subfield>
  </datafield>
  <datafield tag="999" ind1="C" ind2="5">
    <subfield code="o">[2]</subfield>
    <subfield code="i">1970PhRvD...1.2252B</subfield>
    <subfield code="e">1</subfield>
    <subfield code="f">OCR</subfield>
    <subfield code="b">Brown, R. L., and Gould, R. J. 1970, Phys. Rev. D, 1, 2252.</subfield>
  </datafield>
  <datafield tag="999" ind1="C" ind2="5">
    <subfield code="o">[3]</subfield>
    <subfield code="i">1967ApJ...150...57C</subfield>
    <subfield code="e">1</subfield>
    <subfield code="f">OCR</subfield>
    <subfield code="b">Chodil, G., Mark, H., Rodrigues, R., Seward, F. D., and Swift, C. D. 1967, Ap. J., 150, 57.</subfield>
  </datafield>
  <datafield tag="999" ind1="C" ind2="5">
    <subfield code="o">[4]</subfield>
    <subfield code="i">1968ApJ...154..645C</subfield>
    <subfield code="e">1</subfield>
    <subfield code="f">OCR</subfield>
    <subfield code="b">Chodil, G., Mark, H., Rodrigues, R., Seward, F. D., Swift, C. D., and Turiel, I. 1968, Ap. J., 154, 645.</subfield>
  </datafield>
  <datafield tag="999" ind1="C" ind2="5">
    <subfield code="o">[5]</subfield>
    <subfield code="i">1971ApJ...170L..47C</subfield>
    <subfield code="e">1</subfield>
    <subfield code="f">OCR</subfield>
    <subfield code="b">Coleman, P. L., Bunner, A. N., Kraushaar, W. L., and McCammon, D. 1971, Ap. J. (Letters), 170, L47.</subfield>
  </datafield>
  <datafield tag="999" ind1="C" ind2="5">
    <subfield code="o">[6]</subfield>
    <subfield code="i">1967ApJ...150L..85G</subfield>
    <subfield code="e">1</subfield>
    <subfield code="f">OCR</subfield>
    <subfield code="b">Gorenstein, P., Giacconi, R., and Gursky, H. 1967, Ap. J. (Letters), 150, L85.</subfield>
  </datafield>
  <datafield tag="999" ind1="C" ind2="5">
    <subfield code="o">[7]</subfield>
    <subfield code="i">1971Sci...172..369G</subfield>
    <subfield code="e">1</subfield>
    <subfield code="f">OCR</subfield>
    <subfield code="b">Gorenstein, P., Harris, B., Gursky, H., Giacconi, R., Novick, R., and Vanden Bout, P. 1971, Science, 172, 369.</subfield>
  </datafield>
  <datafield tag="999" ind1="C" ind2="5">
    <subfield code="o">[8]</subfield>
    <subfield code="i">1970ApJ...161L..45G</subfield>
    <subfield code="e">1</subfield>
    <subfield code="f">OCR</subfield>
    <subfield code="b">Grader, R. J., Hill, R. W., and Stoering, J. P. 1970, Ap. J. (Letters), 161, L45.</subfield>
  </datafield>
  <datafield tag="999" ind1="C" ind2="5">
    <subfield code="o">[9]</subfield>
    <subfield code="i">1971Ap&amp;amp;SS..12..104H</subfield>
    <subfield code="e">1</subfield>
    <subfield code="f">OCR</subfield>
    <subfield code="b">Hayakawa, S., Kato, T., Makino, F., Ogawa, H., Tanaka, Y., Yamashita, K., Matsuoka, M., Miyamoto, S., Oda, M., and Ogawara, Y. 1971, Ap. and Space Sci., 12, 104.</subfield>
  </datafield>
  <datafield tag="999" ind1="C" ind2="5">
    <subfield code="o">[10]</subfield>
    <subfield code="e">5</subfield>
    <subfield code="f">OCR</subfield>
    <subfield code="b">Henke, B. L., Elgin, R. L., Lent, R. E., and Ledingham, R. B. 1967, Norelco Reporter, 14, 112.</subfield>
  </datafield>
  <datafield tag="999" ind1="C" ind2="5">
    <subfield code="o">[11]</subfield>
    <subfield code="e">0</subfield>
    <subfield code="f">OCR</subfield>
    <subfield code="b">Kato, T. 1972, Ph.D. thesis, Nagoya University.</subfield>
  </datafield>
  <datafield tag="999" ind1="C" ind2="5">
    <subfield code="o">[12]</subfield>
    <subfield code="i">1969ApJ...157..197M</subfield>
    <subfield code="e">1</subfield>
    <subfield code="f">OCR</subfield>
    <subfield code="b">Meekins, J. F., Henry, R. C., Fritz, G., Friedman, H., and Byram, E. T. 1969, Ap. J., 157, 197.</subfield>
  </datafield>
  <datafield tag="999" ind1="C" ind2="5">
    <subfield code="o">[13]</subfield>
    <subfield code="i">1971Sci...172..372T</subfield>
    <subfield code="e">1</subfield>
    <subfield code="f">OCR</subfield>
    <subfield code="b">Tucker, W. H. 1971, Science, 172, 372.</subfield>
  </datafield>
  <datafield tag="907" ind1=" " ind2=" ">
    <subfield code="a">ADS</subfield>
  </datafield>
  <datafield tag="500" ind1=" " ind2=" ">
    <subfield code="a">A&amp;amp;AA ID. AAA008.142.102</subfield>
    <subfield code="9">ADS</subfield>
  </datafield>
  <datafield tag="995" ind1=" " ind2=" ">
    <subfield code="a">{"abs":[{"p":"/proj/ads/abstracts/ast/text/J72/J72-01785.abs","t":"1298448583"}],"prop":["article","ocr","refereed"],"refs":[{"p":"/proj/ads/references/resolved/ApJ/0178/1972ApJ...178..377B.ref.ocr.txt.result","t":1316009289}]}</subfield>
    <subfield code="9">AST</subfield>
  </datafield>
</record>