
<record>
  <controlfield tag="005">20120319233959.0</controlfield>
  <datafield tag="980" ind1=" " ind2=" ">
    <subfield code="a">EPRINT</subfield>
  </datafield>
  <datafield tag="980" ind1=" " ind2=" ">
    <subfield code="a">OPENACCESS</subfield>
  </datafield>
  <datafield tag="650" ind1="1" ind2="7">
    <subfield code="a">astro-ph.EP</subfield>
  </datafield>
  <datafield tag="970" ind1=" " ind2=" ">
    <subfield code="a">2011arXiv1102.0833D</subfield>
  </datafield>
  <datafield tag="035" ind1=" " ind2=" ">
    <subfield code="a">2011arXiv1102.0833D</subfield>
    <subfield code="2">ADS bibcode</subfield>
  </datafield>
  <datafield tag="035" ind1=" " ind2=" ">
    <subfield code="a">arXiv:1102.0833</subfield>
    <subfield code="2">arXiv</subfield>
  </datafield>
  <datafield tag="245" ind1=" " ind2=" ">
    <subfield code="a">Binary Formation in Planetesimal Disks I. Equal Mass Planetesimals</subfield>
  </datafield>
  <datafield tag="100" ind1=" " ind2=" ">
    <subfield code="a">Daisaka, Junko K.</subfield>
    <subfield code="b">Daisaka, J</subfield>
    <subfield code="e">regular</subfield>
  </datafield>
  <datafield tag="700" ind1=" " ind2=" ">
    <subfield code="a">Makino, Junichiro</subfield>
    <subfield code="b">Makino, J</subfield>
    <subfield code="e">regular</subfield>
  </datafield>
  <datafield tag="700" ind1=" " ind2=" ">
    <subfield code="a">Daisaka, Hiroshi</subfield>
    <subfield code="b">Daisaka, H</subfield>
    <subfield code="e">regular</subfield>
  </datafield>
  <datafield tag="773" ind1=" " ind2=" ">
    <subfield code="p"/>
    <subfield code="v">1102</subfield>
    <subfield code="c">833</subfield>
    <subfield code="y">2011</subfield>
    <subfield code="z">eprint arXiv:1102.0833</subfield>
  </datafield>
  <datafield tag="260" ind1=" " ind2=" ">
    <subfield code="c">2011-02-00</subfield>
    <subfield code="t">date-published</subfield>
  </datafield>
  <datafield tag="653" ind1="1" ind2=" ">
    <subfield code="a">Astrophysics - Earth and Planetary Astrophysics</subfield>
    <subfield code="9">arXiv</subfield>
  </datafield>
  <datafield tag="520" ind1=" " ind2=" ">
    <subfield code="a">As to April 2010, 48 TNO (trans-Neptunian Object) binaries have been found. This is about 6% of known TNOs. However, in previous theoretical studies of planetary formation in the TNO region, the effect of binary formation has been neglected. TNO binaries can be formed through a variety of mechanisms, such as three-body process, dynamical friction on two massive bodies, inelastic collisions between two bodies etc. Most of these mechanisms become more effective as the distance from the Sun increases. In this paper, we studied three-body process using direct N-body simulations. We systematically changed the distance from the Sun, the number density of planetesimals, and the radius of the planetesimals and studied the effect of the binaries on the collision rate of planetesimals. In the TNO region, binaries are involved in 1/3 - 1/2 of collisions, and the collision rate is increased by about a factor of a few compared to the theoretical estimate for the direct two-body collisions. Thus, it is possible that the binaries formed through three-body process significantly enhance the collision rate and reduce the growth time scale. In the terrestrial planet region, binaries are less important, because the ratio between the Hill radius and physical size of the planetesimals is relatively small. Although the time scale of our simulations is short, they clearly demonstrated that the accretion process in the TNO region is quite different from that in the terrestrial planet region. Simulations which cover longer time scale are required to obtain more accurate estimate for the accretion enhancement.</subfield>
    <subfield code="y">en</subfield>
  </datafield>
  <datafield tag="856" ind1="4" ind2=" ">
    <subfield code="u">http://adsabs.harvard.edu/cgi-bin/nph-data_query?bibcode=2011arXiv1102.0833D&amp;link_type=PREPRINT</subfield>
    <subfield code="y">arXiv e-print</subfield>
  </datafield>
  <datafield tag="999" ind1="C" ind2="5">
    <subfield code="o">[1]</subfield>
    <subfield code="i">2006MNRAS.369.1267D</subfield>
    <subfield code="e">1</subfield>
    <subfield code="f">AUTHOR</subfield>
    <subfield code="b">Donnison, J. R., 2006, Monthly Notices of the Royal Astronomical Society, Volume 369, Issue 3, pp. 1267-1280.</subfield>
  </datafield>
  <datafield tag="907" ind1=" " ind2=" ">
    <subfield code="a">ARXIV</subfield>
  </datafield>
  <datafield tag="995" ind1=" " ind2=" ">
    <subfield code="a">{"abs":[{"p":"/proj/ads/abstracts/pre/text/X04/X04-27202.abs","t":"1297130566"}],"links":{"preprint":[{"u":"1102.0833"}]},"prop":["arxiv_32"],"refs":[{"p":"/proj/ads/references/resolved/AUTHOR/2011/1118.pairs.result","t":1321845938}]}</subfield>
    <subfield code="9">PRE</subfield>
  </datafield>
</record>