
<record>
  <controlfield tag="005">20120319222911.0</controlfield>
  <datafield tag="980" ind1=" " ind2=" ">
    <subfield code="a">EPRINT</subfield>
  </datafield>
  <datafield tag="980" ind1=" " ind2=" ">
    <subfield code="a">OPENACCESS</subfield>
  </datafield>
  <datafield tag="650" ind1="1" ind2="7">
    <subfield code="a">cs.RO</subfield>
  </datafield>
  <datafield tag="650" ind1="2" ind2="7">
    <subfield code="a"/>
  </datafield>
  <datafield tag="970" ind1=" " ind2=" ">
    <subfield code="a">2008arXiv0804.3895B</subfield>
  </datafield>
  <datafield tag="035" ind1=" " ind2=" ">
    <subfield code="a">2008arXiv0804.3895B</subfield>
    <subfield code="2">ADS bibcode</subfield>
  </datafield>
  <datafield tag="035" ind1=" " ind2=" ">
    <subfield code="a">arXiv:0804.3895</subfield>
    <subfield code="2">arXiv</subfield>
  </datafield>
  <datafield tag="245" ind1=" " ind2=" ">
    <subfield code="a">First Principle Approach to Modeling of Small Scale Helicopter</subfield>
  </datafield>
  <datafield tag="100" ind1=" " ind2=" ">
    <subfield code="a">Budiyono, A.</subfield>
    <subfield code="b">Budiyono, A</subfield>
    <subfield code="e">regular</subfield>
  </datafield>
  <datafield tag="700" ind1=" " ind2=" ">
    <subfield code="a">Sudiyanto, T.</subfield>
    <subfield code="b">Sudiyanto, T</subfield>
    <subfield code="e">regular</subfield>
  </datafield>
  <datafield tag="700" ind1=" " ind2=" ">
    <subfield code="a">Lesmana, H.</subfield>
    <subfield code="b">Lesmana, H</subfield>
    <subfield code="e">regular</subfield>
  </datafield>
  <datafield tag="773" ind1=" " ind2=" ">
    <subfield code="p"/>
    <subfield code="v">0804</subfield>
    <subfield code="c">3895</subfield>
    <subfield code="y">2008</subfield>
    <subfield code="z">eprint arXiv:0804.3895</subfield>
  </datafield>
  <datafield tag="260" ind1=" " ind2=" ">
    <subfield code="c">2008-04-00</subfield>
    <subfield code="t">date-published</subfield>
  </datafield>
  <datafield tag="653" ind1="1" ind2=" ">
    <subfield code="a">Computer Science - Robotics</subfield>
    <subfield code="9">arXiv</subfield>
  </datafield>
  <datafield tag="653" ind1="1" ind2=" ">
    <subfield code="a">I.6.1</subfield>
    <subfield code="9">arXiv</subfield>
  </datafield>
  <datafield tag="653" ind1="1" ind2=" ">
    <subfield code="a">methods numerical</subfield>
    <subfield code="9">Normalized</subfield>
  </datafield>
  <datafield tag="520" ind1=" " ind2=" ">
    <subfield code="a">The establishment of global helicopter linear model is very precious and useful for the design of the linear control laws, since it is never afforded in the published literatures. In the first principle approach, the mathematical model was developed using basic helicopter theory accounting for particular characteristic of the miniature helicopter. No formal system identification procedures are required for the proposed model structure. The relevant published literatures however did not present the linear models required for the design of linear control laws. The paper presents a step by step development of linear model for small scale helicopter based on first-principle approach. Beyond the previous work in literatures, the calculation of the stability derivatives is presented in detail. A computer program is used to solve the equilibrium conditions and then calculate the change in aerodynamics forces and moments due to the change in each degree of freedom and control input. The detail derivation allows the comprehensive analysis of relative dominance of vehicle states and input variables to force and moment components. Hence it facilitates the development of minimum complexity small scale helicopter dynamics model.</subfield>
    <subfield code="y">en</subfield>
  </datafield>
  <datafield tag="856" ind1="4" ind2=" ">
    <subfield code="u">http://adsabs.harvard.edu/cgi-bin/nph-data_query?bibcode=2008arXiv0804.3895B&amp;link_type=PREPRINT</subfield>
    <subfield code="y">arXiv e-print</subfield>
  </datafield>
  <datafield tag="999" ind1="C" ind2="5">
    <subfield code="o">[1]</subfield>
    <subfield code="e">0</subfield>
    <subfield code="f">ARXIV</subfield>
    <subfield code="b">Bramwell, A. R. S.  , Helicopter Dynamics, Edward Arnold Ltd. (1976)</subfield>
  </datafield>
  <datafield tag="999" ind1="C" ind2="5">
    <subfield code="o">[2]</subfield>
    <subfield code="e">0</subfield>
    <subfield code="f">ARXIV</subfield>
    <subfield code="b">Gessow and Myers,  , Aerodynamics of the helicopter, Ungar Publishing Company. (1952)</subfield>
  </datafield>
  <datafield tag="999" ind1="C" ind2="5">
    <subfield code="o">[3]</subfield>
    <subfield code="e">0</subfield>
    <subfield code="f">ARXIV</subfield>
    <subfield code="b">Prouty, R. W.  , Helicopter performance, stability and control, PWS Publishers, Boston. (1986)</subfield>
  </datafield>
  <datafield tag="999" ind1="C" ind2="5">
    <subfield code="o">[4]</subfield>
    <subfield code="e">0</subfield>
    <subfield code="f">ARXIV</subfield>
    <subfield code="b">Seckel,  , Stability and Control of airplanes and helicopters, New York, Academic Press. (1964)</subfield>
  </datafield>
  <datafield tag="999" ind1="C" ind2="5">
    <subfield code="o">[5]</subfield>
    <subfield code="e">0</subfield>
    <subfield code="f">ARXIV</subfield>
    <subfield code="b">McRuer, D. T., Ashkenas, I. and Graham, D.  , Aircraft dynamics and automatic control, Princenton University Press, Princeton, NJ. (1973)</subfield>
  </datafield>
  <datafield tag="999" ind1="C" ind2="5">
    <subfield code="o">[6]</subfield>
    <subfield code="e">0</subfield>
    <subfield code="f">ARXIV</subfield>
    <subfield code="b">Etkin, Bernard.  , Dynamics of Flight, Stability and Control, John Wiley and Son. (1952)</subfield>
  </datafield>
  <datafield tag="999" ind1="C" ind2="5">
    <subfield code="o">[7]</subfield>
    <subfield code="e">0</subfield>
    <subfield code="f">ARXIV</subfield>
    <subfield code="b">Stevens, B. and Lewis, F.  , Aircraft control and simulation, John Wiley and Sons Inc. (1992)</subfield>
  </datafield>
  <datafield tag="999" ind1="C" ind2="5">
    <subfield code="o">[8]</subfield>
    <subfield code="e">0</subfield>
    <subfield code="f">ARXIV</subfield>
    <subfield code="b">Gavrilets, V.  , Autonomous Aerobatic Maneuvering of Miniature Helicopter, PhD thesis, Massachusetts Institute of Technology. (2003)</subfield>
  </datafield>
  <datafield tag="999" ind1="C" ind2="5">
    <subfield code="o">[9]</subfield>
    <subfield code="e">0</subfield>
    <subfield code="f">ARXIV</subfield>
    <subfield code="b">Shim, D. H., Kim, H. J. and Sastry, S.   , Control System Design for Rotorcraft-based Unmanned Aerial Vehicles using Time-domain System Identification, IEEE International Conference on Control Applications, Anchorage. ICIUS 2007 Oct 24-25, 2007 Bali, Indonesia ICIUS2007-A019-P ISBN 978-979-16955-0-3 110 (c) 2007 ICIUS (2000)</subfield>
  </datafield>
  <datafield tag="907" ind1=" " ind2=" ">
    <subfield code="a">ARXIV</subfield>
  </datafield>
  <datafield tag="500" ind1=" " ind2=" ">
    <subfield code="a">Uploaded by ICIUS2007 Conference Organizer on behalf of the author(s). 11 pages, 22 figures, 16 tables; Proceedings of the International Conference on Intelligent Unmanned System (ICIUS 2007), Bali, Indonesia, October 24-25, 2007, Paper No. ICIUS2007-A019-P</subfield>
    <subfield code="9">ADS</subfield>
  </datafield>
  <datafield tag="995" ind1=" " ind2=" ">
    <subfield code="a">{"abs":[{"p":"/proj/ads/abstracts/pre/text/X02/X02-24673.abs","t":"1209085310"}],"links":{"preprint":[{"u":"0804.3895"}]},"prop":["arxiv_34"],"refs":[{"p":"/proj/ads/references/resolved/arXiv/0804/3895.raw.result","t":1316589016}]}</subfield>
    <subfield code="9">PRE</subfield>
  </datafield>
</record>