
<record>
  <controlfield tag="005">20120322150019.0</controlfield>
  <datafield tag="980" ind1=" " ind2=" ">
    <subfield code="a">ASTRONOMY</subfield>
  </datafield>
  <datafield tag="980" ind1=" " ind2=" ">
    <subfield code="a">OPENACCESS</subfield>
  </datafield>
  <datafield tag="980" ind1=" " ind2=" ">
    <subfield code="a">REFEREED</subfield>
  </datafield>
  <datafield tag="980" ind1=" " ind2=" ">
    <subfield code="a">ARTICLE</subfield>
  </datafield>
  <datafield tag="970" ind1=" " ind2=" ">
    <subfield code="a">2004MNRAS.353..105B</subfield>
  </datafield>
  <datafield tag="035" ind1=" " ind2=" ">
    <subfield code="a">2004MNRAS.353..105B</subfield>
    <subfield code="2">ADS bibcode</subfield>
  </datafield>
  <datafield tag="035" ind1=" " ind2=" ">
    <subfield code="z">2004MNRAS.tmp..181B</subfield>
    <subfield code="2">deleted</subfield>
  </datafield>
  <datafield tag="035" ind1=" " ind2=" ">
    <subfield code="y">2004astro.ph..5324B</subfield>
    <subfield code="2">eprint bibcode</subfield>
  </datafield>
  <datafield tag="024" ind1="7" ind2=" ">
    <subfield code="a">10.1111/j.1365-2966.2004.08050.x</subfield>
    <subfield code="2">DOI</subfield>
  </datafield>
  <datafield tag="035" ind1=" " ind2=" ">
    <subfield code="a">astro-ph/0405324</subfield>
    <subfield code="2">arXiv</subfield>
  </datafield>
  <datafield tag="245" ind1=" " ind2=" ">
    <subfield code="a">A giant molecular cloud falling through the heart of Cygnus A: clues to the triggering of the activity</subfield>
  </datafield>
  <datafield tag="100" ind1=" " ind2=" ">
    <subfield code="a">Bellamy, M. J.</subfield>
    <subfield code="b">Bellamy, M</subfield>
    <subfield code="e">regular</subfield>
    <subfield code="u">Department of Physics and Astronomy, University of Sheffield, Sheffield S3 7RH</subfield>
  </datafield>
  <datafield tag="700" ind1=" " ind2=" ">
    <subfield code="a">Tadhunter, C. N.</subfield>
    <subfield code="b">Tadhunter, C</subfield>
    <subfield code="e">regular</subfield>
    <subfield code="u">Department of Physics and Astronomy, University of Sheffield, Sheffield S3 7RH</subfield>
  </datafield>
  <datafield tag="773" ind1=" " ind2=" ">
    <subfield code="p">Monthly Notices of the Royal Astronomical Society</subfield>
    <subfield code="v">353</subfield>
    <subfield code="c">105-112</subfield>
    <subfield code="n">1</subfield>
    <subfield code="y">2004</subfield>
    <subfield code="z">Monthly Notices of the Royal Astronomical Society, Volume 353, Issue 1, pp. 105-112.</subfield>
  </datafield>
  <datafield tag="260" ind1=" " ind2=" ">
    <subfield code="c">2004-09-00</subfield>
    <subfield code="t">date-published</subfield>
  </datafield>
  <datafield tag="653" ind1="1" ind2=" ">
    <subfield code="a">galaxies: active</subfield>
    <subfield code="9">Astronomy</subfield>
  </datafield>
  <datafield tag="653" ind1="1" ind2=" ">
    <subfield code="a">galaxies: individual: 3C 405</subfield>
    <subfield code="9">Astronomy</subfield>
  </datafield>
  <datafield tag="653" ind1="1" ind2=" ">
    <subfield code="a">quasars: emission lines</subfield>
    <subfield code="9">Astronomy</subfield>
  </datafield>
  <datafield tag="653" ind1="1" ind2=" ">
    <subfield code="a">quasars: general</subfield>
    <subfield code="9">Astronomy</subfield>
  </datafield>
  <datafield tag="653" ind1="1" ind2=" ">
    <subfield code="a">infrared: galaxies</subfield>
    <subfield code="9">Astronomy</subfield>
  </datafield>
  <datafield tag="653" ind1="1" ind2=" ">
    <subfield code="a">galaxies active</subfield>
    <subfield code="9">Normalized</subfield>
  </datafield>
  <datafield tag="653" ind1="1" ind2=" ">
    <subfield code="a">galaxies</subfield>
    <subfield code="9">Normalized</subfield>
  </datafield>
  <datafield tag="653" ind1="1" ind2=" ">
    <subfield code="a">galaxies quasars</subfield>
    <subfield code="9">Normalized</subfield>
  </datafield>
  <datafield tag="653" ind1="1" ind2=" ">
    <subfield code="a">astronomy infrared</subfield>
    <subfield code="9">Normalized</subfield>
  </datafield>
  <datafield tag="520" ind1=" " ind2=" ">
    <subfield code="a">We present intermediate-resolution near-infrared long-slit spectroscopic data for the nearby radio galaxy Cygnus A (3C 405) (obtained with the NIRSPEC spectrograph on the Keck II telescope). The data reveal considerable complexity in the near-infrared emission-line kinematics, including line splittings of 200-350 km s&lt;SUP&gt;-1&lt;/SUP&gt; and a mixture of narrow (FWHM ~ 200 km s&lt;SUP&gt;-1&lt;/SUP&gt;) and broad (FWHM ~ 700 km s&lt;SUP&gt;-1&lt;/SUP&gt;) components to the emission lines. It is notable that the Paα and H&lt;SUB&gt;2&lt;/SUB&gt; emission lines show markedly different kinematics, both on- and off-nucleus. Overall, the data provide evidence for the presence of a giant molecular cloud falling through the heart of the Cygnus A host galaxy, the motion of which is not driven by the active galactic nucleus itself. We suggest that this cloud may be connected to the triggering of the activity in this highly powerful active galactic nucleus. We also detect split H&lt;SUB&gt;2&lt;/SUB&gt; components on the nucleus that are likely to originate in the circumnuclear torus.</subfield>
    <subfield code="y">en</subfield>
  </datafield>
  <datafield tag="856" ind1="4" ind2=" ">
    <subfield code="u">http://adsabs.harvard.edu/cgi-bin/nph-data_query?bibcode=2004MNRAS.353..105B&amp;link_type=EJOURNAL</subfield>
    <subfield code="y">Electronic On-line Article (HTML)</subfield>
  </datafield>
  <datafield tag="856" ind1="4" ind2=" ">
    <subfield code="u">http://adsabs.harvard.edu/cgi-bin/nph-data_query?bibcode=2004MNRAS.353..105B&amp;link_type=DATA</subfield>
    <subfield code="y">On-line Data</subfield>
  </datafield>
  <datafield tag="856" ind1="4" ind2=" ">
    <subfield code="u">http://adsabs.harvard.edu/cgi-bin/nph-data_query?bibcode=2004MNRAS.353..105B&amp;link_type=GIF</subfield>
    <subfield code="y">Scanned Article (GIF)</subfield>
  </datafield>
  <datafield tag="856" ind1="4" ind2=" ">
    <subfield code="u">http://adsabs.harvard.edu/cgi-bin/nph-data_query?bibcode=2004MNRAS.353..105B&amp;link_type=SPIRES</subfield>
    <subfield code="y">HEP/Spires Information</subfield>
  </datafield>
  <datafield tag="856" ind1="4" ind2=" ">
    <subfield code="u">http://adsabs.harvard.edu/cgi-bin/nph-data_query?bibcode=2004MNRAS.353..105B&amp;link_type=NED</subfield>
    <subfield code="y">NED Objects</subfield>
  </datafield>
  <datafield tag="856" ind1="4" ind2=" ">
    <subfield code="u">http://adsabs.harvard.edu/cgi-bin/nph-data_query?bibcode=2004MNRAS.353..105B&amp;link_type=SIMBAD</subfield>
    <subfield code="y">SIMBAD Objects</subfield>
  </datafield>
  <datafield tag="856" ind1="4" ind2=" ">
    <subfield code="u">http://adsabs.harvard.edu/cgi-bin/nph-data_query?bibcode=2004MNRAS.353..105B&amp;link_type=PREPRINT</subfield>
    <subfield code="y">arXiv e-print</subfield>
  </datafield>
  <datafield tag="856" ind1="4" ind2="^">
    <subfield code="u">http://adsabs.harvard.edu/cgi-bin/nph-data_query?bibcode=2004MNRAS.353..105B&amp;link_type=ARTICLE</subfield>
    <subfield code="y">Full Printable Article (PDF/Postscript)</subfield>
  </datafield>
  <datafield tag="999" ind1="C" ind2="5">
    <subfield code="o">[1]</subfield>
    <subfield code="i">1998A&amp;amp;A...333..231B</subfield>
    <subfield code="e">1</subfield>
    <subfield code="f">BLACKWELL:WILEY</subfield>
    <subfield code="b">Bessell M. S., Castelli F., Plez B., 1998, A&amp;A, 333, 231</subfield>
  </datafield>
  <datafield tag="999" ind1="C" ind2="5">
    <subfield code="o">[2]</subfield>
    <subfield code="i">2003ApJ...597..823C</subfield>
    <subfield code="e">1</subfield>
    <subfield code="f">BLACKWELL:WILEY</subfield>
    <subfield code="b">Canalizo G., Max C., Whysong D., Antonucci R., Dahm S. E., 2003, ApJ, 597, 823</subfield>
  </datafield>
  <datafield tag="999" ind1="C" ind2="5">
    <subfield code="o">[3]</subfield>
    <subfield code="i">1995ApJ...449L.131C</subfield>
    <subfield code="e">1</subfield>
    <subfield code="f">BLACKWELL:WILEY</subfield>
    <subfield code="b">Conway J. E., Blanco P. R., 1995, ApJ, 449, L131</subfield>
  </datafield>
  <datafield tag="999" ind1="C" ind2="5">
    <subfield code="o">[4]</subfield>
    <subfield code="i">1983ApJ...264..485D</subfield>
    <subfield code="e">1</subfield>
    <subfield code="f">BLACKWELL:WILEY</subfield>
    <subfield code="b">Draine B. T., Roberge W. G., Dalgarno A., 1983, ApJ, 264, 485</subfield>
  </datafield>
  <datafield tag="999" ind1="C" ind2="5">
    <subfield code="o">[5]</subfield>
    <subfield code="i">1999mdrg.conf..311F</subfield>
    <subfield code="e">1</subfield>
    <subfield code="f">BLACKWELL:WILEY</subfield>
    <subfield code="b">Fosbury R. A. E., Vernet J., Villar-Martin M., Cohen M. H., Ogle P. M., Tran H. D., 1999, inRottgering H. J. A., Best P. N., Lehnert M. D., eds, The Most Distant Radio Galaxies. Royal Netherlands Academy of Arts and Sciences, Amsterdam, p. 311</subfield>
  </datafield>
  <datafield tag="999" ind1="C" ind2="5">
    <subfield code="o">[6]</subfield>
    <subfield code="i">1977ApJ...216..419H</subfield>
    <subfield code="e">1</subfield>
    <subfield code="f">BLACKWELL:WILEY</subfield>
    <subfield code="b">Hollenbach D. J., Shull J. M., 1977, ApJ, 216, 419</subfield>
  </datafield>
  <datafield tag="999" ind1="C" ind2="5">
    <subfield code="o">[7]</subfield>
    <subfield code="i">1996A&amp;amp;A...307L..29J</subfield>
    <subfield code="e">1</subfield>
    <subfield code="f">BLACKWELL:WILEY</subfield>
    <subfield code="b">Jackson N., Tadhunter C., Sparks W. B., Miley G. K., Macchetto F., 1996, A&amp;A, 307, L29</subfield>
  </datafield>
  <datafield tag="999" ind1="C" ind2="5">
    <subfield code="o">[8]</subfield>
    <subfield code="i">1998MNRAS.301..131J</subfield>
    <subfield code="e">1</subfield>
    <subfield code="f">BLACKWELL:WILEY</subfield>
    <subfield code="b">Jackson N., Tadhunter C., Sparks W. B., 1998, MNRAS, 301, 131</subfield>
  </datafield>
  <datafield tag="999" ind1="C" ind2="5">
    <subfield code="o">[9]</subfield>
    <subfield code="i">1977ApJ...216..713K</subfield>
    <subfield code="e">1</subfield>
    <subfield code="f">BLACKWELL:WILEY</subfield>
    <subfield code="b">Kwan J., 1977, ApJ, 216, 713</subfield>
  </datafield>
  <datafield tag="999" ind1="C" ind2="5">
    <subfield code="o">[10]</subfield>
    <subfield code="i">1983ApJ...269..560L</subfield>
    <subfield code="e">1</subfield>
    <subfield code="f">BLACKWELL:WILEY</subfield>
    <subfield code="b">Lepp S., McCray R., 1983, ApJ, 269, 560</subfield>
  </datafield>
  <datafield tag="999" ind1="C" ind2="5">
    <subfield code="o">[11]</subfield>
    <subfield code="i">1997ApJ...482L..37O</subfield>
    <subfield code="e">1</subfield>
    <subfield code="f">BLACKWELL:WILEY</subfield>
    <subfield code="b">Ogle P. M., Cohen M. H., Miller J. S., Tran H. D., Fosbury R. A. E., Goodrich R. W., 1997, ApJ, 482, L37</subfield>
  </datafield>
  <datafield tag="999" ind1="C" ind2="5">
    <subfield code="o">[12]</subfield>
    <subfield code="i">1994MNRAS.267..589S</subfield>
    <subfield code="e">1</subfield>
    <subfield code="f">BLACKWELL:WILEY</subfield>
    <subfield code="b">Shaw M., Tadhunter C., 1994, MNRAS, 267, 589</subfield>
  </datafield>
  <datafield tag="999" ind1="C" ind2="5">
    <subfield code="o">[13]</subfield>
    <subfield code="i">1994AJ....108..414S</subfield>
    <subfield code="e">1</subfield>
    <subfield code="f">BLACKWELL:WILEY</subfield>
    <subfield code="b">Stockton A., Ridgway S. E., Lilly S., 1994, AJ, 108, 414</subfield>
  </datafield>
  <datafield tag="999" ind1="C" ind2="5">
    <subfield code="o">[14]</subfield>
    <subfield code="i">1991MNRAS.251P..46T</subfield>
    <subfield code="e">1</subfield>
    <subfield code="f">BLACKWELL:WILEY</subfield>
    <subfield code="b">Tadhunter C. N., 1991, MNRAS, 251, 46P</subfield>
  </datafield>
  <datafield tag="999" ind1="C" ind2="5">
    <subfield code="o">[15]</subfield>
    <subfield code="i">1999ApJ...512L..91T</subfield>
    <subfield code="e">1</subfield>
    <subfield code="f">BLACKWELL:WILEY</subfield>
    <subfield code="b">Tadhunter C. N., Packham C., Axon D. J., Jackson N. J., Hough J. H., Robinson A., Young S., Sparks W., 1999, ApJ, 512, L91</subfield>
  </datafield>
  <datafield tag="999" ind1="C" ind2="5">
    <subfield code="o">[16]</subfield>
    <subfield code="i">2003MNRAS.342..861T</subfield>
    <subfield code="e">1</subfield>
    <subfield code="f">BLACKWELL:WILEY</subfield>
    <subfield code="b">Tadhunter C., Marconi A., Axon D., Wills K., Robinson T. G., Jackson N., 2003, MNRAS, 342, 861</subfield>
  </datafield>
  <datafield tag="999" ind1="C" ind2="5">
    <subfield code="o">[17]</subfield>
    <subfield code="i">2003MNRAS.342..995T</subfield>
    <subfield code="e">1</subfield>
    <subfield code="f">BLACKWELL:WILEY</subfield>
    <subfield code="b">Taylor M. D., Tadhunter C. N., Robinson T. G., 2003, MNRAS, 342, 995</subfield>
  </datafield>
  <datafield tag="999" ind1="C" ind2="5">
    <subfield code="o">[18]</subfield>
    <subfield code="i">1999AJ....118.1461T</subfield>
    <subfield code="e">1</subfield>
    <subfield code="f">BLACKWELL:WILEY</subfield>
    <subfield code="b">Thornton R. J., Stockton A., Ridgway S., 1999, AJ, 118, 1461</subfield>
  </datafield>
  <datafield tag="999" ind1="C" ind2="5">
    <subfield code="o">[19]</subfield>
    <subfield code="i">1994ApJ...431L...1U</subfield>
    <subfield code="e">1</subfield>
    <subfield code="f">BLACKWELL:WILEY</subfield>
    <subfield code="b">Ueno S., Koyama K., Nishida M., Yamauchi S., Ward M. J., 1994, ApJ, 431, L1</subfield>
  </datafield>
  <datafield tag="999" ind1="C" ind2="5">
    <subfield code="o">[20]</subfield>
    <subfield code="i">2003MNRAS.345L..13V</subfield>
    <subfield code="e">1</subfield>
    <subfield code="f">BLACKWELL:WILEY</subfield>
    <subfield code="b">van Bemmel I. M., Vernet J., Fosbury R. A. E., Lamers H. J. G. L. M., 2003, MNRAS, 345, L13</subfield>
  </datafield>
  <datafield tag="999" ind1="C" ind2="5">
    <subfield code="o">[21]</subfield>
    <subfield code="i">1999ApJ...522..139V</subfield>
    <subfield code="e">1</subfield>
    <subfield code="f">BLACKWELL:WILEY</subfield>
    <subfield code="b">Veilleux S., Sanders D. B., Kim D.-C., 1999, ApJ, 522, 139</subfield>
  </datafield>
  <datafield tag="999" ind1="C" ind2="5">
    <subfield code="o">[22]</subfield>
    <subfield code="i">1991ApJ...382..115W</subfield>
    <subfield code="e">1</subfield>
    <subfield code="f">BLACKWELL:WILEY</subfield>
    <subfield code="b">Ward M. J., Blanco P. R., Wilson A. S., Nishida M., 1991, AJ, 382, 115</subfield>
  </datafield>
  <datafield tag="999" ind1="C" ind2="5">
    <subfield code="o">[23]</subfield>
    <subfield code="i">2000MNRAS.318.1232W</subfield>
    <subfield code="e">1</subfield>
    <subfield code="f">BLACKWELL:WILEY</subfield>
    <subfield code="b">Wilman R. J., Edge A. E., Johnstone R. M., Crawford C. S., Fabian A. C., 2000, MNRAS, 318, 1232</subfield>
  </datafield>
  <datafield tag="999" ind1="C" ind2="5">
    <subfield code="o">[24]</subfield>
    <subfield code="i">2002ApJ...564..176Y</subfield>
    <subfield code="e">1</subfield>
    <subfield code="f">BLACKWELL:WILEY</subfield>
    <subfield code="b">Young A. J., Wilson A. S., Terashima Y., Arnaud K. A., Smith D. A., 2002, ApJ, 564, 176</subfield>
  </datafield>
  <datafield tag="907" ind1=" " ind2=" ">
    <subfield code="a">MNRAS</subfield>
  </datafield>
  <datafield tag="995" ind1=" " ind2=" ">
    <subfield code="a">{"abs":[{"p":"/proj/ads/abstracts/ast/text/J04/J04-90439.abs","t":"1317943382"},{"p":"/proj/ads/abstracts/ast/text/S04/S04-90439.abs","t":"1321438048"}],"links":{"data":[{"t":"HST Proposal (ST-ECF)","u":"http://archive.eso.org/bin/ads2ecf?2004MNRAS.353..105B"},{"t":"MAST References (HST)","u":"http://archive.stsci.edu/mastbibref.php?bibcode=2004MNRAS.353..105B"}],"electr":[{"u":"http://onlinelibrary.wiley.com/doi/10.1111/j.1365-2966.2004.08050.x/full"}],"ned":[{"c":"1","u":"http://$NED$/cgi-bin/nph-objsearch?search_type=Search&amp;refcode=2004MNRAS.353..105B"}],"preprint":[{"u":"astro-ph/0405324"}],"simbad":[{"c":"2","u":"http://$SIMBAD$/simbo.pl?bibcode=2004MNRAS.353..105B"}],"spires":[{"u":"http://www.slac.stanford.edu/spires/find/hep/www?fin+j+MNRAA,353,105"}]},"prop":["article","bibgroup: HST","bibgroup: Keck","refereed"],"refs":[{"p":"/proj/ads/references/resolved/MNRAS/0353/iss1.xml.result","t":1329777750}]}</subfield>
    <subfield code="9">AST</subfield>
  </datafield>
</record>