
<record>
  <controlfield tag="005">20120321004329.0</controlfield>
  <datafield tag="980" ind1=" " ind2=" ">
    <subfield code="a">ASTRONOMY</subfield>
  </datafield>
  <datafield tag="980" ind1=" " ind2=" ">
    <subfield code="a">OPENACCESS</subfield>
  </datafield>
  <datafield tag="980" ind1=" " ind2=" ">
    <subfield code="a">REFEREED</subfield>
  </datafield>
  <datafield tag="980" ind1=" " ind2=" ">
    <subfield code="a">ARTICLE</subfield>
  </datafield>
  <datafield tag="970" ind1=" " ind2=" ">
    <subfield code="a">1999AJ....118.2466M</subfield>
  </datafield>
  <datafield tag="035" ind1=" " ind2=" ">
    <subfield code="a">1999AJ....118.2466M</subfield>
    <subfield code="2">ADS bibcode</subfield>
  </datafield>
  <datafield tag="024" ind1="7" ind2=" ">
    <subfield code="a">10.1086/301107</subfield>
    <subfield code="2">DOI</subfield>
  </datafield>
  <datafield tag="245" ind1=" " ind2=" ">
    <subfield code="a">Spectroscopic Classification of Late-M and L Field Dwarfs</subfield>
  </datafield>
  <datafield tag="100" ind1=" " ind2=" ">
    <subfield code="a">Martín, Eduardo L.</subfield>
    <subfield code="b">Martín, E</subfield>
    <subfield code="e">regular</subfield>
    <subfield code="u">Department of Astronomy, University of California at Berkeley, Berkeley, CA 94720</subfield>
  </datafield>
  <datafield tag="700" ind1=" " ind2=" ">
    <subfield code="a">Delfosse, Xavier</subfield>
    <subfield code="b">Delfosse, X</subfield>
    <subfield code="e">regular</subfield>
    <subfield code="u">Instituto de Astrofísica de Canarias, Via Lactea, E-38200 La Laguna, Tenerife, Spain</subfield>
  </datafield>
  <datafield tag="700" ind1=" " ind2=" ">
    <subfield code="a">Basri, Gibor</subfield>
    <subfield code="b">Basri, G</subfield>
    <subfield code="e">regular</subfield>
    <subfield code="u">Department of Astronomy, University of California at Berkeley, Berkeley, CA 94720</subfield>
  </datafield>
  <datafield tag="700" ind1=" " ind2=" ">
    <subfield code="a">Goldman, Bertrand</subfield>
    <subfield code="b">Goldman, B</subfield>
    <subfield code="e">regular</subfield>
    <subfield code="u">Service d'Astrophysique, CEA/DSM/DAPNIA, Centre d'Études de Saclay, F-91191 Gif-sur-Yvette, France</subfield>
  </datafield>
  <datafield tag="700" ind1=" " ind2=" ">
    <subfield code="a">Forveille, Thierry</subfield>
    <subfield code="b">Forveille, T</subfield>
    <subfield code="e">regular</subfield>
    <subfield code="u">Observatoire de Grenoble, 414 rue de la Piscine, Domaine Universitaire de Saint Martin de Hères, F-38041 Grenoble, France</subfield>
  </datafield>
  <datafield tag="700" ind1=" " ind2=" ">
    <subfield code="a">Zapatero Osorio, Maria Rosa</subfield>
    <subfield code="b">Zapatero Osorio, M</subfield>
    <subfield code="e">regular</subfield>
    <subfield code="u">Instituto de Astrofísica de Canarias, Via Lactea, E-38200 La Laguna, Spain &lt;EMAIL&gt;ege@popsicle.berkeley.edu&lt;/EMAIL&gt;</subfield>
    <subfield code="m">ege@popsicle.berkeley.edu</subfield>
  </datafield>
  <datafield tag="773" ind1=" " ind2=" ">
    <subfield code="p">The Astronomical Journal</subfield>
    <subfield code="v">118</subfield>
    <subfield code="c">2466-2482</subfield>
    <subfield code="y">1999</subfield>
    <subfield code="z">The Astronomical Journal, Volume 118, Issue 5, pp. 2466-2482.</subfield>
  </datafield>
  <datafield tag="260" ind1=" " ind2=" ">
    <subfield code="c">1999-11-00</subfield>
    <subfield code="t">date-published</subfield>
  </datafield>
  <datafield tag="653" ind1="1" ind2=" ">
    <subfield code="a">STARS: EVOLUTION</subfield>
    <subfield code="9">Astronomy</subfield>
  </datafield>
  <datafield tag="653" ind1="1" ind2=" ">
    <subfield code="a">STARS: FUNDAMENTAL PARAMETERS</subfield>
    <subfield code="9">Astronomy</subfield>
  </datafield>
  <datafield tag="653" ind1="1" ind2=" ">
    <subfield code="a">STARS: LOW-MASS</subfield>
    <subfield code="9">Astronomy</subfield>
  </datafield>
  <datafield tag="653" ind1="1" ind2=" ">
    <subfield code="a">BROWN DWARFS</subfield>
    <subfield code="9">Astronomy</subfield>
  </datafield>
  <datafield tag="653" ind1="1" ind2=" ">
    <subfield code="a">stars fundamental parameters</subfield>
    <subfield code="9">Normalized</subfield>
  </datafield>
  <datafield tag="653" ind1="1" ind2=" ">
    <subfield code="a">stars low mass brown dwarfs</subfield>
    <subfield code="9">Normalized</subfield>
  </datafield>
  <datafield tag="653" ind1="1" ind2=" ">
    <subfield code="a">stars brown dwarfs</subfield>
    <subfield code="9">Normalized</subfield>
  </datafield>
  <datafield tag="520" ind1=" " ind2=" ">
    <subfield code="a">We present spectra for 12 new ultracool dwarfs found in the DENIS infrared survey. Seven of them have spectral types at the bottom of the M-class (M8-M9.5), and the other five belong to the cooler ``L'' class. We also present spectra for the two new L dwarfs found by the EROS 2 proper-motion survey. We introduce a scheme for L dwarf classification that is based on an extension to cooler spectra of a pseudocontinuum ratio previously defined for M dwarfs. For calibrating the spectral subclasses, we use a temperature scale for late-M and L dwarfs recently obtained by Basri et al. from synthetic spectrum fitting of high-resolution profiles of Cs I and Rb I resonance lines. We define that the subclass range from L0 to L6 corresponds to the temperature range from 2200 K to 1600 K. Our subclasses L0, L1, and L2 agree with recent findings by Kirkpatrick et al., but then they diverge such that our L6 is equivalent to their L8. We find that late-M and L dwarf subclasses can be assigned either in the optical with the PC3 index or in the near-infrared with the H&lt;SUB&gt;2&lt;/SUB&gt;O H-band index. We discuss the main photospheric features present in L dwarf spectra, in particular in the region 400-650 nm, which has never been shown before. The TiO bands at 549.7, 559.7, 615.9, and 638.4 nm fade with decreasing temperature, but do not vanish until well inside the L domain (~L5). The Na I 589.0, 589.6 nm resonance doublet in our latest object (L6) becomes the broadest atomic feature ever seen in any cool dwarf. We do not detect H&lt;SUB&gt;α&lt;/SUB&gt; emission in our L dwarfs later than L3. We discuss the ages and masses of our objects using their temperatures and absence or presence of lithium. Finally, we compare two L1 dwarfs with different gravities (one with lithium and one without it) and discuss differences in spectral features.</subfield>
    <subfield code="y">en</subfield>
  </datafield>
  <datafield tag="856" ind1="4" ind2=" ">
    <subfield code="u">http://adsabs.harvard.edu/cgi-bin/nph-data_query?bibcode=1999AJ....118.2466M&amp;link_type=EJOURNAL</subfield>
    <subfield code="y">Electronic On-line Article (HTML)</subfield>
  </datafield>
  <datafield tag="856" ind1="4" ind2=" ">
    <subfield code="u">http://adsabs.harvard.edu/cgi-bin/nph-data_query?bibcode=1999AJ....118.2466M&amp;link_type=SIMBAD</subfield>
    <subfield code="y">SIMBAD Objects</subfield>
  </datafield>
  <datafield tag="856" ind1="4" ind2=" ">
    <subfield code="u">http://adsabs.harvard.edu/cgi-bin/nph-data_query?bibcode=1999AJ....118.2466M&amp;link_type=ARTICLE</subfield>
    <subfield code="y">Full Printable Article (PDF/Postscript)</subfield>
  </datafield>
  <datafield tag="999" ind1="C" ind2="5">
    <subfield code="o">[1]</subfield>
    <subfield code="e">0</subfield>
    <subfield code="f">IOP:UCP</subfield>
    <subfield code="b">Allard, F. 1999, in Very Low-Mass Stars and Brown Dwarfs in Stellar Clusters and Associations, ed. R. Rebolo &amp; M. R. Zapatero Osorio (Cambridge: Cambridge Univ. Press), in press</subfield>
  </datafield>
  <datafield tag="999" ind1="C" ind2="5">
    <subfield code="o">[2]</subfield>
    <subfield code="i">1997ARA&amp;amp;A..35..137A</subfield>
    <subfield code="e">1</subfield>
    <subfield code="f">IOP:UCP</subfield>
    <subfield code="b">Allard, F., Hauschildt, P. H., Alexander, D. R., &amp; Starrfield, S. 1997, ARA&amp;A, 35, 137</subfield>
  </datafield>
  <datafield tag="999" ind1="C" ind2="5">
    <subfield code="o">[3]</subfield>
    <subfield code="i">1998bdep.conf..394B</subfield>
    <subfield code="e">1</subfield>
    <subfield code="f">IOP:UCP</subfield>
    <subfield code="b">Basri, G. 1998, in Brown Dwarfs and Extrasolar Planets, ed. R. Rebolo, E. L. Martin, &amp; M. R. Zapatero Osorio (San Francisco: ASP), 394</subfield>
  </datafield>
  <datafield tag="999" ind1="C" ind2="5">
    <subfield code="o">[4]</subfield>
    <subfield code="i">1996ApJ...458..600B</subfield>
    <subfield code="e">1</subfield>
    <subfield code="f">IOP:UCP</subfield>
    <subfield code="b">Basri, G., Marcy, G., &amp; Graham, J. R. 1996, ApJ, 458, 600</subfield>
  </datafield>
  <datafield tag="999" ind1="C" ind2="5">
    <subfield code="o">[5]</subfield>
    <subfield code="e">0</subfield>
    <subfield code="f">IOP:UCP</subfield>
    <subfield code="b">Basri, G., Mohanty, S., Allard, F., Hauschildt, P., Delfosse, X., Martin, E. L., Forveille, T., &amp; Goldman, B. 1999, ApJ, submitted (B99)</subfield>
  </datafield>
  <datafield tag="999" ind1="C" ind2="5">
    <subfield code="o">[6]</subfield>
    <subfield code="i">1998A&amp;amp;A...337..403B</subfield>
    <subfield code="e">1</subfield>
    <subfield code="f">IOP:UCP</subfield>
    <subfield code="b">Baraffe, I., Chabrier, G., Allard, F., &amp; Hauschildt, P. H. 1998, A&amp;A, 337, 403</subfield>
  </datafield>
  <datafield tag="999" ind1="C" ind2="5">
    <subfield code="o">[7]</subfield>
    <subfield code="i">1988Natur.336..656B</subfield>
    <subfield code="e">1</subfield>
    <subfield code="f">IOP:UCP</subfield>
    <subfield code="b">Becklin, E. E., &amp; Zuckerman, B. 1988, Nature, 336, 656</subfield>
  </datafield>
  <datafield tag="999" ind1="C" ind2="5">
    <subfield code="o">[8]</subfield>
    <subfield code="i">1996A&amp;amp;AS..117..393B</subfield>
    <subfield code="e">1</subfield>
    <subfield code="f">IOP:UCP</subfield>
    <subfield code="b">Bertin, E., &amp; Arnouts S. 1996, A&amp;AS, 117, 393</subfield>
  </datafield>
  <datafield tag="999" ind1="C" ind2="5">
    <subfield code="o">[9]</subfield>
    <subfield code="i">1991AJ....101..662B</subfield>
    <subfield code="e">1</subfield>
    <subfield code="f">IOP:UCP</subfield>
    <subfield code="b">Bessell, M. S. 1991, AJ, 101, 662</subfield>
  </datafield>
  <datafield tag="999" ind1="C" ind2="5">
    <subfield code="o">[10]</subfield>
    <subfield code="i">1997ilsn.proc..181B</subfield>
    <subfield code="e">1</subfield>
    <subfield code="f">IOP:UCP</subfield>
    <subfield code="b">Borsenberger, J. 1997, in The Impact of Large-Scale Near-Infrared Surveys, ed. F. Garzon, N. Epchtein, A. Omont, W. B. Burton, &amp; P. Persi (Dordrecht: Kluwer), 181</subfield>
  </datafield>
  <datafield tag="999" ind1="C" ind2="5">
    <subfield code="o">[11]</subfield>
    <subfield code="i">1999ApJ...522L..65B</subfield>
    <subfield code="e">1</subfield>
    <subfield code="f">IOP:UCP</subfield>
    <subfield code="b">Burgasser, A. J. et al. 1999, ApJ, 522, L65</subfield>
  </datafield>
  <datafield tag="999" ind1="C" ind2="5">
    <subfield code="o">[12]</subfield>
    <subfield code="i">1997ApJ...491..856B</subfield>
    <subfield code="e">1</subfield>
    <subfield code="f">IOP:UCP</subfield>
    <subfield code="b">Burrows, A., Marley, M., Hubbard, W. B., Lunine, J. I., Guillot, T., Saumon, D., Freedman, R., Sudarsky, D., &amp; Sharp, C. 1997, ApJ, 491, 856</subfield>
  </datafield>
  <datafield tag="999" ind1="C" ind2="5">
    <subfield code="o">[13]</subfield>
    <subfield code="i">1999ApJ...512..843B</subfield>
    <subfield code="e">1</subfield>
    <subfield code="f">IOP:UCP</subfield>
    <subfield code="b">Burrows, A., &amp; Sharp, C. 1999, ApJ, 512, 843</subfield>
  </datafield>
  <datafield tag="999" ind1="C" ind2="5">
    <subfield code="o">[14]</subfield>
    <subfield code="i">1912AnHar..56...65C</subfield>
    <subfield code="e">1</subfield>
    <subfield code="f">IOP:UCP</subfield>
    <subfield code="b">Cannon, A. J., &amp; Pickering, E. C. 1912, Harvard Coll. Obs. Annals, 56, 66</subfield>
  </datafield>
  <datafield tag="999" ind1="C" ind2="5">
    <subfield code="o">[15]</subfield>
    <subfield code="i">1997A&amp;amp;A...327.1039C</subfield>
    <subfield code="e">1</subfield>
    <subfield code="f">IOP:UCP</subfield>
    <subfield code="b">Chabrier, G., &amp; Baraffe, I. 1997, A&amp;A, 327, 1039</subfield>
  </datafield>
  <datafield tag="999" ind1="C" ind2="5">
    <subfield code="o">[16]</subfield>
    <subfield code="i">1993BICDS..43....7C</subfield>
    <subfield code="e">1</subfield>
    <subfield code="f">IOP:UCP</subfield>
    <subfield code="b">Coluzzi, R. 1993, Bull. Inf. C.D.S., 43, 7</subfield>
  </datafield>
  <datafield tag="999" ind1="C" ind2="5">
    <subfield code="o">[17]</subfield>
    <subfield code="e">0</subfield>
    <subfield code="f">IOP:UCP</subfield>
    <subfield code="b">Copet E., et al. 1999, A&amp;AS, in press</subfield>
  </datafield>
  <datafield tag="999" ind1="C" ind2="5">
    <subfield code="o">[18]</subfield>
    <subfield code="i">1997A&amp;amp;A...327L..25D</subfield>
    <subfield code="e">1</subfield>
    <subfield code="f">IOP:UCP</subfield>
    <subfield code="b">Delfosse, X., et al. 1997, A&amp;A, 327, L25</subfield>
  </datafield>
  <datafield tag="999" ind1="C" ind2="5">
    <subfield code="o">[19]</subfield>
    <subfield code="i">1999A&amp;amp;AS..135...41D</subfield>
    <subfield code="e">1</subfield>
    <subfield code="f">IOP:UCP</subfield>
    <subfield code="b">Delfosse, X., Tinney, C. G., Forveille, T., Epchtein, N., Bonsenberger, J., Fouque, P., Kimeswenger, S., &amp; Tiphene, D. 1999, A&amp;AS, 135, 41</subfield>
  </datafield>
  <datafield tag="999" ind1="C" ind2="5">
    <subfield code="o">[20]</subfield>
    <subfield code="i">1997Msngr..87...27E</subfield>
    <subfield code="e">1</subfield>
    <subfield code="f">IOP:UCP</subfield>
    <subfield code="b">Epchtein, N., et al. 1997, Messenger, 87, 27</subfield>
  </datafield>
  <datafield tag="999" ind1="C" ind2="5">
    <subfield code="o">[21]</subfield>
    <subfield code="e">0</subfield>
    <subfield code="f">IOP:UCP</subfield>
    <subfield code="b">Goldman, B., et al. 1999, A&amp;A, submitted (G99)</subfield>
  </datafield>
  <datafield tag="999" ind1="C" ind2="5">
    <subfield code="o">[22]</subfield>
    <subfield code="i">1994MNRAS.267..413J</subfield>
    <subfield code="e">1</subfield>
    <subfield code="f">IOP:UCP</subfield>
    <subfield code="b">Jones, H. R. A., Longmore, A. J., Jameson, R. F., &amp; Mountain, C. M. 1994, MNRAS, 267, 413</subfield>
  </datafield>
  <datafield tag="999" ind1="C" ind2="5">
    <subfield code="o">[23]</subfield>
    <subfield code="i">1997ApJ...480L..39J</subfield>
    <subfield code="e">1</subfield>
    <subfield code="f">IOP:UCP</subfield>
    <subfield code="b">Jones, H. R. A., &amp; Tsuji, T. 1997, ApJ, 480, L39</subfield>
  </datafield>
  <datafield tag="999" ind1="C" ind2="5">
    <subfield code="o">[24]</subfield>
    <subfield code="i">1999ApJ...519..802K</subfield>
    <subfield code="e">1</subfield>
    <subfield code="f">IOP:UCP</subfield>
    <subfield code="b">Kirkpatrick, J. D., et al. 1999, ApJ, 519, 802 (K99)</subfield>
  </datafield>
  <datafield tag="999" ind1="C" ind2="5">
    <subfield code="o">[25]</subfield>
    <subfield code="i">1991ApJS...77..417K</subfield>
    <subfield code="e">1</subfield>
    <subfield code="f">IOP:UCP</subfield>
    <subfield code="b">Kirkpatrick, J. D., Henry, T. J., &amp; McCarthy, D. W. 1991, ApJS, 77, 417</subfield>
  </datafield>
  <datafield tag="999" ind1="C" ind2="5">
    <subfield code="o">[26]</subfield>
    <subfield code="i">1998ApJ...509..836L</subfield>
    <subfield code="e">1</subfield>
    <subfield code="f">IOP:UCP</subfield>
    <subfield code="b">Leggett, S. K., Allard, F., &amp; Hauschildt, P. H. 1998, ApJ, 509, 836</subfield>
  </datafield>
  <datafield tag="999" ind1="C" ind2="5">
    <subfield code="o">[27]</subfield>
    <subfield code="i">1999ApJ...517L.139L</subfield>
    <subfield code="e">1</subfield>
    <subfield code="f">IOP:UCP</subfield>
    <subfield code="b">Leggett, S. K., Toomey, D. W., Geballe, T. R., &amp; Brown, R. H. 1999, ApJ, 517, L139</subfield>
  </datafield>
  <datafield tag="999" ind1="C" ind2="5">
    <subfield code="o">[28]</subfield>
    <subfield code="i">1999ApJ...519..793L</subfield>
    <subfield code="e">1</subfield>
    <subfield code="f">IOP:UCP</subfield>
    <subfield code="b">Lodders, K. 1999, ApJ, 519, 793</subfield>
  </datafield>
  <datafield tag="999" ind1="C" ind2="5">
    <subfield code="o">[29]</subfield>
    <subfield code="i">1999ApJ...525..466L</subfield>
    <subfield code="e">1</subfield>
    <subfield code="f">IOP:UCP</subfield>
    <subfield code="b">Luhman, K. L. 1999, ApJ, 525, 466</subfield>
  </datafield>
  <datafield tag="999" ind1="C" ind2="5">
    <subfield code="o">[30]</subfield>
    <subfield code="i">1993ApJ...404L..17M</subfield>
    <subfield code="e">1</subfield>
    <subfield code="f">IOP:UCP</subfield>
    <subfield code="b">Magazzu, A., Martin, E. L., &amp; Rebolo, R. 1993, ApJ, 404, L17</subfield>
  </datafield>
  <datafield tag="999" ind1="C" ind2="5">
    <subfield code="o">[31]</subfield>
    <subfield code="i">1997A&amp;amp;A...327L..29M</subfield>
    <subfield code="e">1</subfield>
    <subfield code="f">IOP:UCP</subfield>
    <subfield code="b">Martin, E. L., Basri, G., Delfosse, X., &amp; Forveille, T. 1997, A&amp;A, 327, L29 (M97)</subfield>
  </datafield>
  <datafield tag="999" ind1="C" ind2="5">
    <subfield code="o">[32]</subfield>
    <subfield code="i">1999AJ....118.1005M</subfield>
    <subfield code="e">1</subfield>
    <subfield code="f">IOP:UCP</subfield>
    <subfield code="b">Martin, E. L., Basri, G., &amp; Zapatero Osorio, M. R. 1999, AJ, 118, 1005</subfield>
  </datafield>
  <datafield tag="999" ind1="C" ind2="5">
    <subfield code="o">[33]</subfield>
    <subfield code="i">1998ApJ...507L..41M</subfield>
    <subfield code="e">1</subfield>
    <subfield code="f">IOP:UCP</subfield>
    <subfield code="b">Martin, E. L., Basri, G., Zapatero Osorio, M. R., Rebolo, R., &amp; Garcia Lopez, R. J. 1998, ApJ, 507, L41</subfield>
  </datafield>
  <datafield tag="999" ind1="C" ind2="5">
    <subfield code="o">[34]</subfield>
    <subfield code="i">1996ApJ...469..706M</subfield>
    <subfield code="e">1</subfield>
    <subfield code="f">IOP:UCP</subfield>
    <subfield code="b">Martin, E. L., Rebolo, R., &amp; Zapatero Osorio, M. R. 1996, ApJ, 469, 706</subfield>
  </datafield>
  <datafield tag="999" ind1="C" ind2="5">
    <subfield code="o">[35]</subfield>
    <subfield code="i">1996AJ....112.1678M</subfield>
    <subfield code="e">1</subfield>
    <subfield code="f">IOP:UCP</subfield>
    <subfield code="b">Matthews, K., Nakajima, T., Kulkarni, S. R., &amp; Oppenheimer, B. R. 1996, AJ, 112, 1678</subfield>
  </datafield>
  <datafield tag="999" ind1="C" ind2="5">
    <subfield code="o">[36]</subfield>
    <subfield code="i">1995PASP..107..375O</subfield>
    <subfield code="e">1</subfield>
    <subfield code="f">IOP:UCP</subfield>
    <subfield code="b">Oke, J. B., et al. 1995, PASP, 107, 375</subfield>
  </datafield>
  <datafield tag="999" ind1="C" ind2="5">
    <subfield code="o">[37]</subfield>
    <subfield code="i">1995Sci...270.1478O</subfield>
    <subfield code="e">1</subfield>
    <subfield code="f">IOP:UCP</subfield>
    <subfield code="b">Oppenheimer, B., Kulkarni, S. R., Matthews, K., &amp; Nakajima, T. 1995, Science, 270, 1478</subfield>
  </datafield>
  <datafield tag="999" ind1="C" ind2="5">
    <subfield code="o">[38]</subfield>
    <subfield code="i">1983ApJ...274..245P</subfield>
    <subfield code="e">1</subfield>
    <subfield code="f">IOP:UCP</subfield>
    <subfield code="b">Probst, R. G., &amp; Liebert, J. 1983, ApJ, 274, 245</subfield>
  </datafield>
  <datafield tag="999" ind1="C" ind2="5">
    <subfield code="o">[39]</subfield>
    <subfield code="i">1996ApJ...469L..53R</subfield>
    <subfield code="e">1</subfield>
    <subfield code="f">IOP:UCP</subfield>
    <subfield code="b">Rebolo, R., Martin, E. L., Basri, G., Marcy, G. W., &amp; Zapatero Osorio, M. R. 1996, ApJ, 469, L53</subfield>
  </datafield>
  <datafield tag="999" ind1="C" ind2="5">
    <subfield code="o">[40]</subfield>
    <subfield code="i">1992ApJ...389L..83R</subfield>
    <subfield code="e">1</subfield>
    <subfield code="f">IOP:UCP</subfield>
    <subfield code="b">Rebolo, R., Martin, E. L., &amp; Magazzu, A. 1992, ApJ, 389, L83</subfield>
  </datafield>
  <datafield tag="999" ind1="C" ind2="5">
    <subfield code="o">[41]</subfield>
    <subfield code="i">1998Sci...282.1309R</subfield>
    <subfield code="e">1</subfield>
    <subfield code="f">IOP:UCP</subfield>
    <subfield code="b">Rebolo, R., Zapatero Osorio, M. R., Madruga, S., Bejar, V. J. S., Arribas, S., &amp; Licandro, J. 1998, Science, 282, 1309</subfield>
  </datafield>
  <datafield tag="999" ind1="C" ind2="5">
    <subfield code="o">[42]</subfield>
    <subfield code="i">1997ApJ...491L.107R</subfield>
    <subfield code="e">1</subfield>
    <subfield code="f">IOP:UCP</subfield>
    <subfield code="b">Ruiz, M. T., Leggett, S. K., &amp; Allard, F. 1997, ApJ, 491, L107</subfield>
  </datafield>
  <datafield tag="999" ind1="C" ind2="5">
    <subfield code="o">[43]</subfield>
    <subfield code="i">1996MNRAS.283..821S</subfield>
    <subfield code="e">1</subfield>
    <subfield code="f">IOP:UCP</subfield>
    <subfield code="b">Schweitzer, A., Hauschildt, P. H., Allard, F., &amp; Basri, G. 1996, MNRAS, 283, 821</subfield>
  </datafield>
  <datafield tag="999" ind1="C" ind2="5">
    <subfield code="o">[44]</subfield>
    <subfield code="i">1999ApJ...522L..61S</subfield>
    <subfield code="e">1</subfield>
    <subfield code="f">IOP:UCP</subfield>
    <subfield code="b">Strauss, M. A., et al. 1999, ApJ, 522, L61</subfield>
  </datafield>
  <datafield tag="999" ind1="C" ind2="5">
    <subfield code="o">[45]</subfield>
    <subfield code="i">1999AJ....117.1010T</subfield>
    <subfield code="e">1</subfield>
    <subfield code="f">IOP:UCP</subfield>
    <subfield code="b">Tokunaga, A. T., &amp; Kobayashi, N. 1999, AJ, 117, 1010</subfield>
  </datafield>
  <datafield tag="999" ind1="C" ind2="5">
    <subfield code="o">[46]</subfield>
    <subfield code="i">1993PASP..105..693T</subfield>
    <subfield code="e">1</subfield>
    <subfield code="f">IOP:UCP</subfield>
    <subfield code="b">Torres-Dodgen, A. V., &amp; Weaver, W. B. 1993, PASP, 105, 693</subfield>
  </datafield>
  <datafield tag="999" ind1="C" ind2="5">
    <subfield code="o">[47]</subfield>
    <subfield code="i">1998MNRAS.296L..42T</subfield>
    <subfield code="e">1</subfield>
    <subfield code="f">IOP:UCP</subfield>
    <subfield code="b">Tinney, C. G. 1998, MNRAS, 296, L42</subfield>
  </datafield>
  <datafield tag="999" ind1="C" ind2="5">
    <subfield code="o">[48]</subfield>
    <subfield code="i">1997ApJ...490L..95T</subfield>
    <subfield code="e">1</subfield>
    <subfield code="f">IOP:UCP</subfield>
    <subfield code="b">Tinney, C. G., Delfosse, X., &amp; Forveille, T. 1997, ApJ, 490, L95 (T97)</subfield>
  </datafield>
  <datafield tag="999" ind1="C" ind2="5">
    <subfield code="o">[49]</subfield>
    <subfield code="i">1998A&amp;amp;A...338.1066T</subfield>
    <subfield code="e">1</subfield>
    <subfield code="f">IOP:UCP</subfield>
    <subfield code="b">Tinney, C. G., Delfosse, X., Forveille, T., &amp; Allard, F. 1998, A&amp;A, 338, 1066</subfield>
  </datafield>
  <datafield tag="999" ind1="C" ind2="5">
    <subfield code="o">[50]</subfield>
    <subfield code="i">1998MNRAS.301.1031T</subfield>
    <subfield code="e">1</subfield>
    <subfield code="f">IOP:UCP</subfield>
    <subfield code="b">Tinney, C. G., &amp; Reid, N. 1998, MNRAS, 301, 1031</subfield>
  </datafield>
  <datafield tag="999" ind1="C" ind2="5">
    <subfield code="o">[51]</subfield>
    <subfield code="i">1999A&amp;amp;AS..134..537Z</subfield>
    <subfield code="e">1</subfield>
    <subfield code="f">IOP:UCP</subfield>
    <subfield code="b">Zapatero Osorio, M. R., et al. 1999, A&amp;AS, 134, 537</subfield>
  </datafield>
  <datafield tag="907" ind1=" " ind2=" ">
    <subfield code="a">UCP</subfield>
  </datafield>
  <datafield tag="995" ind1=" " ind2=" ">
    <subfield code="a">{"abs":[{"p":"/proj/ads/abstracts/ast/text/J39/J39-08539.abs","t":"1317940545"},{"p":"/proj/ads/abstracts/ast/text/S39/S39-08539.abs","t":"1321418637"}],"links":{"electr":[{"u":"http://dx.doi.org/10.1086%2F301107"}],"pdf":[{"u":"http://stacks.iop.org/1538-3881/118/2466/pdf"}],"simbad":[{"c":"59","u":"http://$SIMBAD$/simbo.pl?bibcode=1999AJ....118.2466M"}]},"prop":["bibgroup: Keck","open","refereed"],"refs":[{"p":"/proj/ads/references/resolved/AJ/0118/iss5.raw.result","t":1316032562},{"p":"/proj/ads/references/resolved/ISI/AJ/AJ0118.isi.pairs.result","t":1302279770}]}</subfield>
    <subfield code="9">AST</subfield>
  </datafield>
</record>