
<record>
  <controlfield tag="005">20120322133840.0</controlfield>
  <datafield tag="980" ind1=" " ind2=" ">
    <subfield code="a">ASTRONOMY</subfield>
  </datafield>
  <datafield tag="980" ind1=" " ind2=" ">
    <subfield code="a">OPENACCESS</subfield>
  </datafield>
  <datafield tag="980" ind1=" " ind2=" ">
    <subfield code="a">REFEREED</subfield>
  </datafield>
  <datafield tag="980" ind1=" " ind2=" ">
    <subfield code="a">ARTICLE</subfield>
  </datafield>
  <datafield tag="970" ind1=" " ind2=" ">
    <subfield code="a">1997ApJ...481L..93L</subfield>
  </datafield>
  <datafield tag="035" ind1=" " ind2=" ">
    <subfield code="a">1997ApJ...481L..93L</subfield>
    <subfield code="2">ADS bibcode</subfield>
  </datafield>
  <datafield tag="035" ind1=" " ind2=" ">
    <subfield code="y">1997astro.ph..3053L</subfield>
    <subfield code="2">eprint bibcode</subfield>
  </datafield>
  <datafield tag="024" ind1="7" ind2=" ">
    <subfield code="a">10.1086/310654</subfield>
    <subfield code="2">DOI</subfield>
  </datafield>
  <datafield tag="035" ind1=" " ind2=" ">
    <subfield code="a">astro-ph/9703053</subfield>
    <subfield code="2">arXiv</subfield>
  </datafield>
  <datafield tag="245" ind1=" " ind2=" ">
    <subfield code="a">S1040 in M67: A Post--Mass Transfer Binary with a Helium Core White Dwarf</subfield>
  </datafield>
  <datafield tag="100" ind1=" " ind2=" ">
    <subfield code="a">Landsman, W.</subfield>
    <subfield code="b">Landsman, W</subfield>
    <subfield code="e">regular</subfield>
  </datafield>
  <datafield tag="700" ind1=" " ind2=" ">
    <subfield code="a">Aparicio, J.</subfield>
    <subfield code="b">Aparicio, J</subfield>
    <subfield code="e">regular</subfield>
  </datafield>
  <datafield tag="700" ind1=" " ind2=" ">
    <subfield code="a">Bergeron, P.</subfield>
    <subfield code="b">Bergeron, P</subfield>
    <subfield code="e">regular</subfield>
  </datafield>
  <datafield tag="700" ind1=" " ind2=" ">
    <subfield code="a">Di Stefano, R.</subfield>
    <subfield code="b">Di Stefano, R</subfield>
    <subfield code="e">regular</subfield>
  </datafield>
  <datafield tag="700" ind1=" " ind2=" ">
    <subfield code="a">Stecher, T. P.</subfield>
    <subfield code="b">Stecher, T</subfield>
    <subfield code="e">regular</subfield>
  </datafield>
  <datafield tag="773" ind1=" " ind2=" ">
    <subfield code="p">Astrophysical Journal Letters v.481</subfield>
    <subfield code="v">481</subfield>
    <subfield code="c">L93</subfield>
    <subfield code="y">1997</subfield>
    <subfield code="z">Astrophysical Journal Letters v.481, p.L93</subfield>
  </datafield>
  <datafield tag="260" ind1=" " ind2=" ">
    <subfield code="c">1997-06-00</subfield>
    <subfield code="t">date-published</subfield>
  </datafield>
  <datafield tag="653" ind1="1" ind2=" ">
    <subfield code="a">STARS: BINARIES: CLOSE</subfield>
    <subfield code="9">Astronomy</subfield>
  </datafield>
  <datafield tag="653" ind1="1" ind2=" ">
    <subfield code="a">STARS: BLUE STRAGGLERS</subfield>
    <subfield code="9">Astronomy</subfield>
  </datafield>
  <datafield tag="653" ind1="1" ind2=" ">
    <subfield code="a">GALAXY: OPEN CLUSTERS AND ASSOCIATIONS: INDIVIDUAL MESSIER NUMBER: M67</subfield>
    <subfield code="9">Astronomy</subfield>
  </datafield>
  <datafield tag="653" ind1="1" ind2=" ">
    <subfield code="a">ULTRAVIOLET: STARS</subfield>
    <subfield code="9">Astronomy</subfield>
  </datafield>
  <datafield tag="653" ind1="1" ind2=" ">
    <subfield code="a">STARS: WHITE DWARFS</subfield>
    <subfield code="9">Astronomy</subfield>
  </datafield>
  <datafield tag="653" ind1="1" ind2=" ">
    <subfield code="a">stars binaries close</subfield>
    <subfield code="9">Normalized</subfield>
  </datafield>
  <datafield tag="653" ind1="1" ind2=" ">
    <subfield code="a">galaxy open clusters and associations</subfield>
    <subfield code="9">Normalized</subfield>
  </datafield>
  <datafield tag="653" ind1="1" ind2=" ">
    <subfield code="a">astronomy uv</subfield>
    <subfield code="9">Normalized</subfield>
  </datafield>
  <datafield tag="653" ind1="1" ind2=" ">
    <subfield code="a">stars white dwarfs</subfield>
    <subfield code="9">Normalized</subfield>
  </datafield>
  <datafield tag="520" ind1=" " ind2=" ">
    <subfield code="a">We have obtained spectra of the yellow giant S1040 in the open cluster M67 using the Goddard High-Resolution Spectrograph (GHRS) and the Faint Object Spectrograph on the Hubble Space Telescope. S1040 is a single-lined spectroscopic binary with a 42.8 day period that occupies a "red straggler" position in the M67 color-magnitude diagram (CMD), 0.2 mag blueward of the giant branch. A detection of S1040 at 1620 A with the Ultraviolet Imaging Telescope provided evidence that the secondary is a hot white dwarf and thus that the anomalous location of S1040 in the CMD is likely due to a prior episode of mass transfer. Our GHRS spectrum shows a broad Ly alpha absorption profile that confirms the white dwarf identification of the S1040 secondary. A model atmosphere fit to the GHRS spectrum yields Teff = 16,160 K, log g = 6.7, and a mass of about 0.22 Msolar, for an assumed cluster distance of 820 pc and a reddening of E(B - V) = 0.02. The unusually low mass derived for the white dwarf implies that it must have a helium core and that a mass transfer episode must have begun while the progenitor was on the lower giant branch. We construct a plausible mass transfer history for S1040 in which it originated as a short-period (~2 days) binary and evolved through a blue straggler phase to reach its current state.</subfield>
    <subfield code="y">en</subfield>
  </datafield>
  <datafield tag="856" ind1="4" ind2=" ">
    <subfield code="u">http://adsabs.harvard.edu/cgi-bin/nph-data_query?bibcode=1997ApJ...481L..93L&amp;link_type=EJOURNAL</subfield>
    <subfield code="y">Electronic On-line Article (HTML)</subfield>
  </datafield>
  <datafield tag="856" ind1="4" ind2=" ">
    <subfield code="u">http://adsabs.harvard.edu/cgi-bin/nph-data_query?bibcode=1997ApJ...481L..93L&amp;link_type=DATA</subfield>
    <subfield code="y">On-line Data</subfield>
  </datafield>
  <datafield tag="856" ind1="4" ind2=" ">
    <subfield code="u">http://adsabs.harvard.edu/cgi-bin/nph-data_query?bibcode=1997ApJ...481L..93L&amp;link_type=ARTICLE</subfield>
    <subfield code="y">Full Printable Article (PDF/Postscript)</subfield>
  </datafield>
  <datafield tag="856" ind1="4" ind2=" ">
    <subfield code="u">http://adsabs.harvard.edu/cgi-bin/nph-data_query?bibcode=1997ApJ...481L..93L&amp;link_type=SIMBAD</subfield>
    <subfield code="y">SIMBAD Objects</subfield>
  </datafield>
  <datafield tag="856" ind1="4" ind2=" ">
    <subfield code="u">http://adsabs.harvard.edu/cgi-bin/nph-data_query?bibcode=1997ApJ...481L..93L&amp;link_type=PREPRINT</subfield>
    <subfield code="y">arXiv e-print</subfield>
  </datafield>
  <datafield tag="999" ind1="C" ind2="5">
    <subfield code="o">[1]</subfield>
    <subfield code="i">1995AJ....109.1379A</subfield>
    <subfield code="e">1</subfield>
    <subfield code="f">UCP</subfield>
    <subfield code="b">Allen, L. E., &amp; Strom, K. M. 1995, AJ, 109, 1379</subfield>
  </datafield>
  <datafield tag="999" ind1="C" ind2="5">
    <subfield code="o">[2]</subfield>
    <subfield code="e">0</subfield>
    <subfield code="f">UCP</subfield>
    <subfield code="b">Aparicio, J. M., &amp; Fontaine, G. 1997, Proc. 10th European Workshop on White Dwarfs, ed. J. Isern, M. Hernanz, &amp; E. Garcia-Berro (Dordrecht: Kluwer), in press</subfield>
  </datafield>
  <datafield tag="999" ind1="C" ind2="5">
    <subfield code="o">[3]</subfield>
    <subfield code="i">1993A&amp;amp;A...269..175B</subfield>
    <subfield code="e">1</subfield>
    <subfield code="f">UCP</subfield>
    <subfield code="b">Belloni, T., Verbunt, F., &amp; Schmitt, J. H. M. M. 1993, A&amp;A, 269, 175</subfield>
  </datafield>
  <datafield tag="999" ind1="C" ind2="5">
    <subfield code="o">[4]</subfield>
    <subfield code="i">1995ApJ...449..258B</subfield>
    <subfield code="e">1</subfield>
    <subfield code="f">UCP</subfield>
    <subfield code="b">Bergeron, P., Wesemael, F., Lamontagne, R., Fontaine, G., Saffer, R. A., &amp; Allard, N. F. 1995, ApJ, 449, 258</subfield>
  </datafield>
  <datafield tag="999" ind1="C" ind2="5">
    <subfield code="o">[5]</subfield>
    <subfield code="i">1996A&amp;amp;A...305..849C</subfield>
    <subfield code="e">1</subfield>
    <subfield code="f">UCP</subfield>
    <subfield code="b">Carraro, G., Girardi, L., Bressan, A., &amp; Chiosi, C. 1996, A&amp;A, 305, 849</subfield>
  </datafield>
  <datafield tag="999" ind1="C" ind2="5">
    <subfield code="o">[6]</subfield>
    <subfield code="e">0</subfield>
    <subfield code="f">UCP</subfield>
    <subfield code="b">Di Stefano, R. 1997, in preparation</subfield>
  </datafield>
  <datafield tag="999" ind1="C" ind2="5">
    <subfield code="o">[7]</subfield>
    <subfield code="i">1996sxrs.conf....3D</subfield>
    <subfield code="e">1</subfield>
    <subfield code="f">UCP</subfield>
    <subfield code="b">Di Stefano, R., &amp; Nelson, L. A. 1996, in Supersoft X-Ray Sources, ed. J. Greiner (Berlin: Springer), 3</subfield>
  </datafield>
  <datafield tag="999" ind1="C" ind2="5">
    <subfield code="o">[8]</subfield>
    <subfield code="i">1990ApJ...353..623D</subfield>
    <subfield code="e">1</subfield>
    <subfield code="f">UCP</subfield>
    <subfield code="b">Dupree, A. K., Hartmann, L., &amp; Smith, G. H. 1990, ApJ, 353, 623</subfield>
  </datafield>
  <datafield tag="999" ind1="C" ind2="5">
    <subfield code="o">[9]</subfield>
    <subfield code="i">1989AJ.....98..227G</subfield>
    <subfield code="e">1</subfield>
    <subfield code="f">UCP</subfield>
    <subfield code="b">Girard, T. M., Grundy, W. M., Lopez, C. E., &amp; van Altena, W. F. 1989, AJ, 98, 227</subfield>
  </datafield>
  <datafield tag="999" ind1="C" ind2="5">
    <subfield code="o">[10]</subfield>
    <subfield code="i">1984AJ.....89..487J</subfield>
    <subfield code="e">1</subfield>
    <subfield code="f">UCP</subfield>
    <subfield code="b">Janes, K. A., &amp; Smith, G. H. 1984, AJ, 89, 487</subfield>
  </datafield>
  <datafield tag="999" ind1="C" ind2="5">
    <subfield code="o">[11]</subfield>
    <subfield code="e">0</subfield>
    <subfield code="f">UCP</subfield>
    <subfield code="b">Jeffrey, C. S., &amp; Simon, T. 1997, MNRAS, in press</subfield>
  </datafield>
  <datafield tag="999" ind1="C" ind2="5">
    <subfield code="o">[12]</subfield>
    <subfield code="e">0</subfield>
    <subfield code="f">UCP</subfield>
    <subfield code="b">Kurucz, R. L. 1993, ATLAS9 Stellar Atmosphere Programs and 2 km s-1 Grid, CD-ROM No. 13 (Cambridge: Smithsonian Astrophysical Obs.)</subfield>
  </datafield>
  <datafield tag="999" ind1="C" ind2="5">
    <subfield code="o">[13]</subfield>
    <subfield code="i">1996PASP..108..250L</subfield>
    <subfield code="e">1</subfield>
    <subfield code="f">UCP</subfield>
    <subfield code="b">Landsman, W., Simon, T., &amp; Bergeron, P. 1996, PASP, 108, 250</subfield>
  </datafield>
  <datafield tag="999" ind1="C" ind2="5">
    <subfield code="o">[14]</subfield>
    <subfield code="e">0</subfield>
    <subfield code="f">UCP</subfield>
    <subfield code="b">Landsman, W., et al. 1997, in preparation</subfield>
  </datafield>
  <datafield tag="999" ind1="C" ind2="5">
    <subfield code="o">[15]</subfield>
    <subfield code="i">1996ApJ...470..521L</subfield>
    <subfield code="e">1</subfield>
    <subfield code="f">UCP</subfield>
    <subfield code="b">Leonard, P. J. T. 1996, ApJ, 470, 521</subfield>
  </datafield>
  <datafield tag="999" ind1="C" ind2="5">
    <subfield code="o">[16]</subfield>
    <subfield code="i">1990AJ....100.1859M</subfield>
    <subfield code="e">1</subfield>
    <subfield code="f">UCP</subfield>
    <subfield code="b">Mathieu, R. D., Latham, D. W., &amp; Griffin, R. F. 1990, AJ, 100, 1859</subfield>
  </datafield>
  <datafield tag="999" ind1="C" ind2="5">
    <subfield code="o">[17]</subfield>
    <subfield code="i">1995MNRAS.275..828M</subfield>
    <subfield code="e">1</subfield>
    <subfield code="f">UCP</subfield>
    <subfield code="b">Marsh, T. R., Dillon, V. S., &amp; Duck, S. R. 1995, MNRAS, 275, 828</subfield>
  </datafield>
  <datafield tag="999" ind1="C" ind2="5">
    <subfield code="o">[18]</subfield>
    <subfield code="i">1995MNRAS.273..731R</subfield>
    <subfield code="e">1</subfield>
    <subfield code="f">UCP</subfield>
    <subfield code="b">Rappaport, S., Podsiadlowski, P., Joss, P. C., Di Stefano, R., &amp; Han, Z. 1995, MNRAS, 273, 731</subfield>
  </datafield>
  <datafield tag="999" ind1="C" ind2="5">
    <subfield code="o">[19]</subfield>
    <subfield code="e">5</subfield>
    <subfield code="f">UCP</subfield>
    <subfield code="b">Robinson, R. D., Blackwell, J., Feggans, K., Lindler, D., Norman, D., &amp; Shore, S. N. 1992, A User's Guide to the GHRS Software, Version 2.0 (Greenbelt: NASA/GSFC)</subfield>
  </datafield>
  <datafield tag="999" ind1="C" ind2="5">
    <subfield code="o">[20]</subfield>
    <subfield code="i">1977A&amp;amp;AS...27...89S</subfield>
    <subfield code="e">1</subfield>
    <subfield code="f">UCP</subfield>
    <subfield code="b">Sanders, W. L. 1977, A&amp;AS, 27, 89</subfield>
  </datafield>
  <datafield tag="999" ind1="C" ind2="5">
    <subfield code="o">[21]</subfield>
    <subfield code="e">5</subfield>
    <subfield code="f">UCP</subfield>
    <subfield code="b">Sherbert, L. 1996, GHRS Space Telescope Analysis Newsl. 16</subfield>
  </datafield>
  <datafield tag="999" ind1="C" ind2="5">
    <subfield code="o">[22]</subfield>
    <subfield code="i">1985ApJ...295..153S</subfield>
    <subfield code="e">1</subfield>
    <subfield code="f">UCP</subfield>
    <subfield code="b">Simon, T., Fekel, F. C., &amp; Gibson, D. M. 1985, ApJ, 395, 153</subfield>
  </datafield>
  <datafield tag="999" ind1="C" ind2="5">
    <subfield code="o">[23]</subfield>
    <subfield code="e">0</subfield>
    <subfield code="f">UCP</subfield>
    <subfield code="b">Stecher, T. P., et al. 1997, PASP, in press</subfield>
  </datafield>
  <datafield tag="999" ind1="C" ind2="5">
    <subfield code="o">[24]</subfield>
    <subfield code="i">1995A&amp;amp;A...296..117V</subfield>
    <subfield code="e">1</subfield>
    <subfield code="f">UCP</subfield>
    <subfield code="b">Vennes, S., Fontaine, G., &amp; Brassard, P. 1995, A&amp;A, 296, 117</subfield>
  </datafield>
  <datafield tag="999" ind1="C" ind2="5">
    <subfield code="o">[25]</subfield>
    <subfield code="i">1995A&amp;amp;A...296..709V</subfield>
    <subfield code="e">1</subfield>
    <subfield code="f">UCP</subfield>
    <subfield code="b">Verbunt, F., &amp; Phinney, E. 1995, A&amp;A, 296, 709</subfield>
  </datafield>
  <datafield tag="999" ind1="C" ind2="5">
    <subfield code="o">[26]</subfield>
    <subfield code="i">1995whdw.conf...41W</subfield>
    <subfield code="e">1</subfield>
    <subfield code="f">UCP</subfield>
    <subfield code="b">Wood, M. A. 1995, in Proc. 9th European Workshop on White Dwarfs, ed. D. Koester &amp; K. Werner (Berlin: Springer), 41</subfield>
  </datafield>
  <datafield tag="907" ind1=" " ind2=" ">
    <subfield code="a">APJ</subfield>
  </datafield>
  <datafield tag="995" ind1=" " ind2=" ">
    <subfield code="a">{"abs":[{"p":"/proj/ads/abstracts/ast/text/J97/J97-01991.abs","t":"1317939758"},{"p":"/proj/ads/abstracts/ast/text/S97/S97-01991.abs","t":"1321423057"}],"links":{"data":[{"t":"HST Proposal (ST-ECF)","u":"http://archive.eso.org/bin/ads2ecf?1997ApJ...481L..93L"},{"t":"MAST References (HST)","u":"http://archive.stsci.edu/mastbibref.php?bibcode=1997ApJ...481L..93L"}],"electr":[{"u":"http://dx.doi.org/10.1086%2F310654"}],"pdf":[{"u":"http://stacks.iop.org/1538-4357/481/L93/pdf"}],"preprint":[{"u":"astro-ph/9703053"}],"simbad":[{"c":"4","u":"http://$SIMBAD$/simbo.pl?bibcode=1997ApJ...481L..93L"}]},"prop":["bibgroup: CfA","bibgroup: HST","open","refereed"],"refs":[{"p":"/proj/ads/references/resolved/ApJL/0481/iss2.raw.result","t":1316008448},{"p":"/proj/ads/references/resolved/ISI/ApJ/ApJ0481.isi.pairs.result","t":1302279940}]}</subfield>
    <subfield code="9">AST</subfield>
  </datafield>
</record>