
<record>
  <controlfield tag="005">20120319231051.0</controlfield>
  <datafield tag="980" ind1=" " ind2=" ">
    <subfield code="a">EPRINT</subfield>
  </datafield>
  <datafield tag="980" ind1=" " ind2=" ">
    <subfield code="a">OPENACCESS</subfield>
  </datafield>
  <datafield tag="650" ind1="1" ind2="7">
    <subfield code="a">math.GT</subfield>
  </datafield>
  <datafield tag="650" ind1="2" ind2="7">
    <subfield code="a">math.QA</subfield>
  </datafield>
  <datafield tag="650" ind1="2" ind2="7">
    <subfield code="a">math.RT</subfield>
  </datafield>
  <datafield tag="650" ind1="2" ind2="7">
    <subfield code="a"/>
  </datafield>
  <datafield tag="650" ind1="2" ind2="7">
    <subfield code="a"/>
  </datafield>
  <datafield tag="970" ind1=" " ind2=" ">
    <subfield code="a">2010arXiv1001.2020W</subfield>
  </datafield>
  <datafield tag="035" ind1=" " ind2=" ">
    <subfield code="a">2010arXiv1001.2020W</subfield>
    <subfield code="2">ADS bibcode</subfield>
  </datafield>
  <datafield tag="035" ind1=" " ind2=" ">
    <subfield code="a">arXiv:1001.2020</subfield>
    <subfield code="2">arXiv</subfield>
  </datafield>
  <datafield tag="245" ind1=" " ind2=" ">
    <subfield code="a">Knot invariants and higher representation theory I: diagrammatic and geometric categorification of tensor products</subfield>
  </datafield>
  <datafield tag="100" ind1=" " ind2=" ">
    <subfield code="a">Webster, Ben</subfield>
    <subfield code="b">Webster, B</subfield>
    <subfield code="e">regular</subfield>
  </datafield>
  <datafield tag="773" ind1=" " ind2=" ">
    <subfield code="p"/>
    <subfield code="v">1001</subfield>
    <subfield code="c">2020</subfield>
    <subfield code="y">2010</subfield>
    <subfield code="z">eprint arXiv:1001.2020</subfield>
  </datafield>
  <datafield tag="260" ind1=" " ind2=" ">
    <subfield code="c">2010-01-00</subfield>
    <subfield code="t">date-published</subfield>
  </datafield>
  <datafield tag="653" ind1="1" ind2=" ">
    <subfield code="a">Mathematics - Geometric Topology</subfield>
    <subfield code="9">arXiv</subfield>
  </datafield>
  <datafield tag="653" ind1="1" ind2=" ">
    <subfield code="a">Mathematics - Quantum Algebra</subfield>
    <subfield code="9">arXiv</subfield>
  </datafield>
  <datafield tag="653" ind1="1" ind2=" ">
    <subfield code="a">Mathematics - Representation Theory</subfield>
    <subfield code="9">arXiv</subfield>
  </datafield>
  <datafield tag="653" ind1="1" ind2=" ">
    <subfield code="a">20G42</subfield>
    <subfield code="9">arXiv</subfield>
  </datafield>
  <datafield tag="653" ind1="1" ind2=" ">
    <subfield code="a">17B37</subfield>
    <subfield code="9">arXiv</subfield>
  </datafield>
  <datafield tag="520" ind1=" " ind2=" ">
    <subfield code="a">In this paper, we study 2-representations of 2-quantum groups (in the sense of Rouquier and Khovanov-Lauda) categorifying tensor products of irreducible representations. Our aim is to construct knot homologies categorifying Reshetikhin-Turaev invariants of knots for arbitrary representations, which will be done in a follow-up paper. We consider an algebraic construction of these categories, via an explicit diagrammatic presentation, generalizing the cyclotomic quotient of the quiver Hecke algebra and a geometric construction given by Zheng. One of our primary results is that these categories coincide when both are defined. We also investigate finer structure of these categories. Like many similar representation-theoretic categories, they are standardly stratified and satisfy a double centralizer property with respect to their self-dual modules. The standard modules of the stratification play an important role, as Vermas do in more classical representation theory, as test objects for functors. The existence of these representations has consequences for the structure of previously studied categorifications; it allows us to prove the non-degeneracy of Khovanov and Lauda's 2-category (that its Hom spaces have the expected dimension) in all symmetrizable types, and that the cyclotomic quiver Hecke algebras are symmetric Frobenius.</subfield>
    <subfield code="y">en</subfield>
  </datafield>
  <datafield tag="856" ind1="4" ind2=" ">
    <subfield code="u">http://adsabs.harvard.edu/cgi-bin/nph-data_query?bibcode=2010arXiv1001.2020W&amp;link_type=PREPRINT</subfield>
    <subfield code="y">arXiv e-print</subfield>
  </datafield>
  <datafield tag="999" ind1="C" ind2="5">
    <subfield code="o">[1]</subfield>
    <subfield code="e">0</subfield>
    <subfield code="f">ARXIV</subfield>
    <subfield code="b">Susumu Ariki and Kazuhiko Koike, A Hecke algebra of (Z/rZ) Sn and construction of its irreducible representations, Adv. Math. 106 (1994), no. 2, 216-243. MR MR1279219 (95h:20006)</subfield>
  </datafield>
  <datafield tag="999" ind1="C" ind2="5">
    <subfield code="o">[2]</subfield>
    <subfield code="e">0</subfield>
    <subfield code="f">ARXIV</subfield>
    <subfield code="b">Susumu Ariki, On the decomposition numbers of the Hecke algebra of G(m, 1, n), J. Math. Kyoto Univ. 36 (1996), no. 4, 789-808. MR MR1443748 (98h:20012)</subfield>
  </datafield>
  <datafield tag="999" ind1="C" ind2="5">
    <subfield code="o">[3]</subfield>
    <subfield code="e">0</subfield>
    <subfield code="f">ARXIV</subfield>
    <subfield code="b">A. A. Beilinson, J. Bernstein, and P. Deligne, Faisceaux pervers, Analysis and topology on singular spaces, I (Luminy, 1981), Asterisque, vol. 100, Soc. Math. France, Paris, 1982, pp. 5-171. MR MR751966 (86g:32015)</subfield>
  </datafield>
  <datafield tag="999" ind1="C" ind2="5">
    <subfield code="o">[4]</subfield>
    <subfield code="e">0</subfield>
    <subfield code="f">ARXIV</subfield>
    <subfield code="b">Alexander Beilinson, Victor Ginzburg, and Wolfgang Soergel, Koszul duality patterns in representation theory, J. Amer. Math. Soc. 9 (1996), no. 2, 473-527.</subfield>
  </datafield>
  <datafield tag="999" ind1="C" ind2="5">
    <subfield code="o">[5]</subfield>
    <subfield code="e">0</subfield>
    <subfield code="f">ARXIV</subfield>
    <subfield code="b">Arkady Berenstein and David Kazhdan, Geometric and unipotent crystals. II. From unipotent bicrystals to crystal bases, Quantum groups, Contemp. Math., vol. 433, Amer. Math. Soc., Providence, RI, 2007, pp. 13-88.</subfield>
  </datafield>
  <datafield tag="999" ind1="C" ind2="5">
    <subfield code="o">[6]</subfield>
    <subfield code="e">0</subfield>
    <subfield code="f">ARXIV</subfield>
    <subfield code="b">Jonathan Brundan and Alexander Kleshchev, Schur-Weyl duality for higher levels, Selecta Math. (N.S.) 14 (2008), no. 1, 1-57.</subfield>
  </datafield>
  <datafield tag="999" ind1="C" ind2="5">
    <subfield code="o">[7]</subfield>
    <subfield code="e">0</subfield>
    <subfield code="f">ARXIV</subfield>
    <subfield code="b">, Blocks of cyclotomic Hecke algebras and Khovanov-Lauda algebras, Invent. Math. 178 (2009), 451-484.</subfield>
  </datafield>
  <datafield tag="999" ind1="C" ind2="5">
    <subfield code="o">[8]</subfield>
    <subfield code="e">0</subfield>
    <subfield code="f">ARXIV</subfield>
    <subfield code="b">Joseph Bernstein and Valery Lunts, Equivariant sheaves and functors, Lecture Notes in Mathematics, vol. 1578, Springer-Verlag, Berlin, 1994. MR MR1299527 (95k:55012)</subfield>
  </datafield>
  <datafield tag="999" ind1="C" ind2="5">
    <subfield code="o">[9]</subfield>
    <subfield code="e">0</subfield>
    <subfield code="f">ARXIV</subfield>
    <subfield code="b">Neil Chriss and Victor Ginzburg, Representation theory and complex geometry, Birkhauser Boston Inc., Boston, MA, 1997. MR 98i:22021</subfield>
  </datafield>
  <datafield tag="999" ind1="C" ind2="5">
    <subfield code="o">[10]</subfield>
    <subfield code="e">5</subfield>
    <subfield code="f">ARXIV</subfield>
    <subfield code="b">Sabin Cautis and Aaron Lauda, Implicit structure in 2-representations of quantum groups, arXiv:QA/1111.1431.</subfield>
  </datafield>
  <datafield tag="999" ind1="C" ind2="5">
    <subfield code="o">[11]</subfield>
    <subfield code="e">0</subfield>
    <subfield code="f">ARXIV</subfield>
    <subfield code="b">Edward Cline, Brian Parshall, and Leonard Scott, Finite-dimensional algebras and highest weight categories, J. Reine Angew. Math. 391 (1988), 85-99.</subfield>
  </datafield>
  <datafield tag="999" ind1="C" ind2="5">
    <subfield code="o">[12]</subfield>
    <subfield code="e">0</subfield>
    <subfield code="f">ARXIV</subfield>
    <subfield code="b">, Stratifying endomorphism algebras, Mem. Amer. Math. Soc. 124 (1996), no. 591, viii+119.</subfield>
  </datafield>
  <datafield tag="999" ind1="C" ind2="5">
    <subfield code="o">[13]</subfield>
    <subfield code="e">0</subfield>
    <subfield code="f">ARXIV</subfield>
    <subfield code="b">Joseph Chuang and Raphael Rouquier, Derived equivalences for symmetric groups and sl2 -categorification, Ann. of Math. (2) 167 (2008), no. 1, 245-298.</subfield>
  </datafield>
  <datafield tag="999" ind1="C" ind2="5">
    <subfield code="o">[14]</subfield>
    <subfield code="e">0</subfield>
    <subfield code="f">ARXIV</subfield>
    <subfield code="b">Richard Dipper, Gordon James, and Andrew Mathas, Cyclotomic q-Schur algebras, Math. Z. 229 (1998), no. 3, 385-416. MR MR1658581 (2000a:20033)</subfield>
  </datafield>
  <datafield tag="999" ind1="C" ind2="5">
    <subfield code="o">[15]</subfield>
    <subfield code="e">0</subfield>
    <subfield code="f">ARXIV</subfield>
    <subfield code="b">Victor Ginzburg, Nicolas Guay, Eric Opdam, and Raphael Rouquier, On the category O for rational Cherednik algebras, Invent. Math. 154 (2003), no. 3, 617-651.</subfield>
  </datafield>
  <datafield tag="999" ind1="C" ind2="5">
    <subfield code="o">[16]</subfield>
    <subfield code="i">2009arXiv0903.2992H</subfield>
    <subfield code="r">arxiv: 0903.2992</subfield>
    <subfield code="e">1</subfield>
    <subfield code="f">ARXIV</subfield>
    <subfield code="b">Alexander Hoffnung and Aaron Lauda, Nilpotency in type A cyclotomic quotients, arXiv:0903.2992.</subfield>
  </datafield>
  <datafield tag="999" ind1="C" ind2="5">
    <subfield code="o">[17]</subfield>
    <subfield code="i">2009arXiv0912.2067H</subfield>
    <subfield code="r">arxiv: 0912.2067</subfield>
    <subfield code="e">1</subfield>
    <subfield code="f">ARXIV</subfield>
    <subfield code="b">David Hill, George Melvin, and Damien Mondragon, Representations of quiver Hecke algebras via Lyndon bases, arXiv:0912.2067.</subfield>
  </datafield>
  <datafield tag="999" ind1="C" ind2="5">
    <subfield code="o">[18]</subfield>
    <subfield code="i">2009arXiv0910.2496H</subfield>
    <subfield code="r">arxiv: 0910.2496</subfield>
    <subfield code="e">1</subfield>
    <subfield code="f">ARXIV</subfield>
    <subfield code="b">David Hill and Joshua Sussan, The Khovanov-Lauda 2-category and categorifications of a level two quantum sl(n) representation, arXiv:0910.2496.</subfield>
  </datafield>
  <datafield tag="999" ind1="C" ind2="5">
    <subfield code="o">[19]</subfield>
    <subfield code="i">2011arXiv1102.4677K</subfield>
    <subfield code="r">arxiv: 1102.4677</subfield>
    <subfield code="e">1</subfield>
    <subfield code="f">ARXIV</subfield>
    <subfield code="b">Seok-Jin Kang and Masaki Kashiwara, Categorification of highest weight modules via Khovanov-Lauda-Rouquier algebras, arXiv:1102.4677.</subfield>
  </datafield>
  <datafield tag="999" ind1="C" ind2="5">
    <subfield code="o">[20]</subfield>
    <subfield code="i">2008arXiv0803.4121K</subfield>
    <subfield code="r">arxiv: 0803.4121</subfield>
    <subfield code="e">1</subfield>
    <subfield code="f">ARXIV</subfield>
    <subfield code="b">Mikhail Khovanov and Aaron D. Lauda, A diagrammatic approach to categorification of quantum groups I., arXiv:0803.4121.</subfield>
  </datafield>
  <datafield tag="999" ind1="C" ind2="5">
    <subfield code="o">[21]</subfield>
    <subfield code="i">2008arXiv0804.2080K</subfield>
    <subfield code="r">arxiv: 0804.2080</subfield>
    <subfield code="e">1</subfield>
    <subfield code="f">ARXIV</subfield>
    <subfield code="b">arXiv:0804.2080.</subfield>
  </datafield>
  <datafield tag="999" ind1="C" ind2="5">
    <subfield code="o">[22]</subfield>
    <subfield code="i">2008arXiv0807.3250K</subfield>
    <subfield code="r">arxiv: 0807.3250</subfield>
    <subfield code="e">1</subfield>
    <subfield code="f">ARXIV</subfield>
    <subfield code="b">arXiv:0807.3250.</subfield>
  </datafield>
  <datafield tag="999" ind1="C" ind2="5">
    <subfield code="o">[23]</subfield>
    <subfield code="i">2008arXiv0803.3652L</subfield>
    <subfield code="r">arxiv: 0803.3652</subfield>
    <subfield code="e">1</subfield>
    <subfield code="f">ARXIV</subfield>
    <subfield code="b">Aaron D. Lauda, A categorification of quantum sl(2), arXiv:0803.3652.</subfield>
  </datafield>
  <datafield tag="999" ind1="C" ind2="5">
    <subfield code="o">[24]</subfield>
    <subfield code="i">2008arXiv0803.3848L</subfield>
    <subfield code="r">arxiv: 0803.3848</subfield>
    <subfield code="e">1</subfield>
    <subfield code="f">ARXIV</subfield>
    <subfield code="b">arXiv:0803.3848.</subfield>
  </datafield>
  <datafield tag="999" ind1="C" ind2="5">
    <subfield code="o">[25]</subfield>
    <subfield code="i">2010arXiv1007.5384L</subfield>
    <subfield code="r">arxiv: 1007.5384</subfield>
    <subfield code="e">1</subfield>
    <subfield code="f">ARXIV</subfield>
    <subfield code="b">Yiqiang Li, On geometric realizations of quantum modified algebras and their canonical bases, arXiv:1007.5384.</subfield>
  </datafield>
  <datafield tag="999" ind1="C" ind2="5">
    <subfield code="o">[26]</subfield>
    <subfield code="e">0</subfield>
    <subfield code="f">ARXIV</subfield>
    <subfield code="b">George Lusztig, Quivers, perverse sheaves, and quantized enveloping algebras, J. Amer. Math. Soc. 4 (1991), no. 2, 365-421. MR MR1088333 (91m:17018)</subfield>
  </datafield>
  <datafield tag="999" ind1="C" ind2="5">
    <subfield code="o">[27]</subfield>
    <subfield code="e">0</subfield>
    <subfield code="f">ARXIV</subfield>
    <subfield code="b">, Introduction to quantum groups, Progress in Mathematics, vol. 110, Birkhauser Boston Inc., Boston, MA, 1993.</subfield>
  </datafield>
  <datafield tag="999" ind1="C" ind2="5">
    <subfield code="o">[28]</subfield>
    <subfield code="i">2009arXiv0909.1810L</subfield>
    <subfield code="r">arxiv: 0909.1810</subfield>
    <subfield code="e">1</subfield>
    <subfield code="f">ARXIV</subfield>
    <subfield code="b">Aaron D. Lauda and Monica Vazirani, Crystals from categorified quantum groups, arXiv:0909.1810.</subfield>
  </datafield>
  <datafield tag="999" ind1="C" ind2="5">
    <subfield code="o">[29]</subfield>
    <subfield code="e">0</subfield>
    <subfield code="f">ARXIV</subfield>
    <subfield code="b">Volodymyr Mazorchuk, Serge Ovsienko, and Catharina Stroppel, Quadratic duals, Koszul dual functors, and applications, Trans. Amer. Math. Soc. 361 (2009), no. 3, 1129-1172.</subfield>
  </datafield>
  <datafield tag="999" ind1="C" ind2="5">
    <subfield code="o">[30]</subfield>
    <subfield code="i">2007arXiv0709.1971M</subfield>
    <subfield code="r">arxiv: 0709.1971</subfield>
    <subfield code="e">1</subfield>
    <subfield code="f">ARXIV</subfield>
    <subfield code="b">Volodymyr Mazorchuk and Catharina Stroppel, A combinatorial approach to functorial quantum sl(k) knot invariants, arXiv:0709.1971.</subfield>
  </datafield>
  <datafield tag="999" ind1="C" ind2="5">
    <subfield code="o">[31]</subfield>
    <subfield code="i">2005math......8119M</subfield>
    <subfield code="r">arxiv: math/0508119</subfield>
    <subfield code="e">1</subfield>
    <subfield code="f">ARXIV</subfield>
    <subfield code="b">, Projective-injective modules, Serre functors and symmetric algebras, arXiv:math.RT/0508119.</subfield>
  </datafield>
  <datafield tag="999" ind1="C" ind2="5">
    <subfield code="o">[32]</subfield>
    <subfield code="e">5</subfield>
    <subfield code="f">ARXIV</subfield>
    <subfield code="b">Hiraku Nakajima, Instantons on ALE spaces, quiver varieties, and Kac-Moody algebras, Duke Math. J. 76 (1994), no. 2, 365-416. MR MR1302318 (95i:53051)</subfield>
  </datafield>
  <datafield tag="999" ind1="C" ind2="5">
    <subfield code="o">[33]</subfield>
    <subfield code="e">0</subfield>
    <subfield code="f">ARXIV</subfield>
    <subfield code="b">, Quiver varieties and tensor products, Invent. Math. 146 (2001), no. 2, 399-449. MR MR1865400 (2003e:17023)</subfield>
  </datafield>
  <datafield tag="999" ind1="C" ind2="5">
    <subfield code="o">[34]</subfield>
    <subfield code="e">0</subfield>
    <subfield code="f">ARXIV</subfield>
    <subfield code="b">Claus Michael Ringel, Hall algebras and quantum groups, Invent. Math. 101 (1990), no. 3, 583-591. MR 1062796 (91i:16024)</subfield>
  </datafield>
  <datafield tag="999" ind1="C" ind2="5">
    <subfield code="o">[35]</subfield>
    <subfield code="e">0</subfield>
    <subfield code="f">ARXIV</subfield>
    <subfield code="b">Raphael Rouquier, personal communication.</subfield>
  </datafield>
  <datafield tag="999" ind1="C" ind2="5">
    <subfield code="o">[36]</subfield>
    <subfield code="i">2008arXiv0812.5023R</subfield>
    <subfield code="r">arxiv: 0812.5023</subfield>
    <subfield code="e">1</subfield>
    <subfield code="f">ARXIV</subfield>
    <subfield code="b">, 2-Kac-Moody algebras, arXiv:0812.5023.</subfield>
  </datafield>
  <datafield tag="999" ind1="C" ind2="5">
    <subfield code="o">[37]</subfield>
    <subfield code="e">0</subfield>
    <subfield code="f">ARXIV</subfield>
    <subfield code="b">Wolfgang Soergel, Kategorie O, perverse Garben und Moduln uber den Koinvarianten zur Weylgruppe, J. Amer. Math. Soc. 3 (1990), no. 2, 421-445. MR MR1029692 (91e:17007)</subfield>
  </datafield>
  <datafield tag="999" ind1="C" ind2="5">
    <subfield code="o">[38]</subfield>
    <subfield code="e">0</subfield>
    <subfield code="f">ARXIV</subfield>
    <subfield code="b">, The combinatorics of Harish-Chandra bimodules, J. Reine Angew. Math. 429 (1992), 49-74. MR MR1173115 (94b:17011)</subfield>
  </datafield>
  <datafield tag="999" ind1="C" ind2="5">
    <subfield code="o">[39]</subfield>
    <subfield code="i">2006math......8234S</subfield>
    <subfield code="r">arxiv: math/0608234</subfield>
    <subfield code="e">1</subfield>
    <subfield code="f">ARXIV</subfield>
    <subfield code="b">Catharina Stroppel, Perverse sheaves on Grassmannians, Springer fibres and Khovanov homology, arXiv:math.RT/0608234.</subfield>
  </datafield>
  <datafield tag="999" ind1="C" ind2="5">
    <subfield code="o">[40]</subfield>
    <subfield code="e">0</subfield>
    <subfield code="f">ARXIV</subfield>
    <subfield code="b">Catharina Stroppel, Category O: quivers and endomorphism rings of projectives, Represent. Theory 7 (2003), 322-345 (electronic). MR MR2017061 (2004h:17007)</subfield>
  </datafield>
  <datafield tag="999" ind1="C" ind2="5">
    <subfield code="o">[41]</subfield>
    <subfield code="i">2007math......1045S</subfield>
    <subfield code="r">arxiv: math/0701045</subfield>
    <subfield code="e">1</subfield>
    <subfield code="f">ARXIV</subfield>
    <subfield code="b">Joshua Sussan, Category O and sl(k) link invariants, 2007, arXiv:math/0701045.</subfield>
  </datafield>
  <datafield tag="999" ind1="C" ind2="5">
    <subfield code="o">[42]</subfield>
    <subfield code="e">0</subfield>
    <subfield code="f">ARXIV</subfield>
    <subfield code="b">Catharina Stroppel and Ben Webster, Quiver Schur algebras and q-Fock space, in preparation.</subfield>
  </datafield>
  <datafield tag="999" ind1="C" ind2="5">
    <subfield code="o">[43]</subfield>
    <subfield code="i">2009arXiv0901.3992V</subfield>
    <subfield code="r">arxiv: 0901.3992</subfield>
    <subfield code="e">1</subfield>
    <subfield code="f">ARXIV</subfield>
    <subfield code="b">M. Varagnolo and E. Vasserot, Canonical bases and Khovanov-Lauda algebras, arXiv:0901.3992.</subfield>
  </datafield>
  <datafield tag="999" ind1="C" ind2="5">
    <subfield code="o">[44]</subfield>
    <subfield code="i">2010arXiv1005.4559W</subfield>
    <subfield code="r">arxiv: 1005.4559</subfield>
    <subfield code="e">1</subfield>
    <subfield code="f">ARXIV</subfield>
    <subfield code="b">Ben Webster, Knot invariants and higher representation theory II: categorification of quantum knot invariants, arXiv:1005.4559.</subfield>
  </datafield>
  <datafield tag="999" ind1="C" ind2="5">
    <subfield code="o">[45]</subfield>
    <subfield code="e">0</subfield>
    <subfield code="f">ARXIV</subfield>
    <subfield code="b">Ben Webster and Geordie Williamson, The bounded below equivariant derived category, In preparation. Preliminary version available at http://www.math.neu.edu/bwebster/publications.html.</subfield>
  </datafield>
  <datafield tag="999" ind1="C" ind2="5">
    <subfield code="o">[46]</subfield>
    <subfield code="e">0</subfield>
    <subfield code="f">ARXIV</subfield>
    <subfield code="b">Hao Zheng, personal communication.</subfield>
  </datafield>
  <datafield tag="907" ind1=" " ind2=" ">
    <subfield code="a">ARXIV</subfield>
  </datafield>
  <datafield tag="500" ind1=" " ind2=" ">
    <subfield code="a">70 pages, numerous TikZ figures; preliminary version, comments encouraged. DVI will not view correctly on all machines, PDF is preferred. v5: corrected typos and rewrote some of the exposition; v6: minor mistakes fixed and exposition improved; small section on universal categorifications added; v7: incorporated work of Cautis and Lauda along with typo fixes, etc</subfield>
    <subfield code="9">ADS</subfield>
  </datafield>
  <datafield tag="995" ind1=" " ind2=" ">
    <subfield code="a">{"abs":[{"p":"/proj/ads/abstracts/pre/text/X03/X03-42163.abs","t":"1323309693"}],"links":{"preprint":[{"u":"1001.2020"}]},"prop":["arxiv_40"],"refs":[{"p":"/proj/ads/references/resolved/arXiv/1001/2020.raw.result","t":1329953343}]}</subfield>
    <subfield code="9">PRE</subfield>
  </datafield>
</record>