
<record>
  <controlfield tag="005">20120320060935.0</controlfield>
  <datafield tag="980" ind1=" " ind2=" ">
    <subfield code="a">ASTRONOMY</subfield>
  </datafield>
  <datafield tag="980" ind1=" " ind2=" ">
    <subfield code="a">OCRABSTRACT</subfield>
  </datafield>
  <datafield tag="980" ind1=" " ind2=" ">
    <subfield code="a">OPENACCESS</subfield>
  </datafield>
  <datafield tag="980" ind1=" " ind2=" ">
    <subfield code="a">REFEREED</subfield>
  </datafield>
  <datafield tag="980" ind1=" " ind2=" ">
    <subfield code="a">ARTICLE</subfield>
  </datafield>
  <datafield tag="970" ind1=" " ind2=" ">
    <subfield code="a">1971MNRAS.152..277H</subfield>
  </datafield>
  <datafield tag="035" ind1=" " ind2=" ">
    <subfield code="a">1971MNRAS.152..277H</subfield>
    <subfield code="2">ADS bibcode</subfield>
  </datafield>
  <datafield tag="245" ind1=" " ind2=" ">
    <subfield code="a">Optical positions for 87 identified radio sources</subfield>
  </datafield>
  <datafield tag="100" ind1=" " ind2=" ">
    <subfield code="a">Hunstead, R. W.</subfield>
    <subfield code="b">Hunstead, R</subfield>
    <subfield code="e">regular</subfield>
  </datafield>
  <datafield tag="773" ind1=" " ind2=" ">
    <subfield code="p">Monthly Notices of the Royal Astronomical Society</subfield>
    <subfield code="v">152</subfield>
    <subfield code="c">277</subfield>
    <subfield code="y">1971</subfield>
    <subfield code="z">Monthly Notices of the Royal Astronomical Society, Vol. 152, p. 277 (1971)</subfield>
  </datafield>
  <datafield tag="260" ind1=" " ind2=" ">
    <subfield code="c">1971-00-00</subfield>
    <subfield code="t">date-published</subfield>
  </datafield>
  <datafield tag="520" ind1=" " ind2=" ">
    <subfield code="a">Positions with an estimated accuracy of 011.4 arc have been determined for the optical counterparts of 87 extra-galactic radio sources between declinations + 19 and - 8o . The technique used is novel in that measurements for 76 of the sources were made on the paper print and glass copies of the Palomar Sky Survey; these are shown to be quite adequate for precise measurements. While the present work concentrates mainly on southern sources, a number of northern sources has been included for comparison with other observers. New identifications are proposed for nine unresolved radio sources south of -40 .</subfield>
    <subfield code="y">en</subfield>
  </datafield>
  <datafield tag="856" ind1="4" ind2=" ">
    <subfield code="u">http://adsabs.harvard.edu/cgi-bin/nph-data_query?bibcode=1971MNRAS.152..277H&amp;link_type=SIMBAD</subfield>
    <subfield code="y">SIMBAD Objects</subfield>
  </datafield>
  <datafield tag="856" ind1="4" ind2=" ">
    <subfield code="u">http://adsabs.harvard.edu/cgi-bin/nph-data_query?bibcode=1971MNRAS.152..277H&amp;link_type=GIF</subfield>
    <subfield code="y">Scanned Article (GIF)</subfield>
  </datafield>
  <datafield tag="856" ind1="4" ind2="^">
    <subfield code="u">http://adsabs.harvard.edu/cgi-bin/nph-data_query?bibcode=1971MNRAS.152..277H&amp;link_type=ARTICLE</subfield>
    <subfield code="y">Full Printable Article (PDF/Postscript)</subfield>
  </datafield>
  <datafield tag="999" ind1="C" ind2="5">
    <subfield code="o">[1]</subfield>
    <subfield code="i">1968PASP...80....5B</subfield>
    <subfield code="e">1</subfield>
    <subfield code="f">OCR</subfield>
    <subfield code="b">Bolton, J. G., 1968. Publ. astr. Soc. Pactf., 8o, 5.</subfield>
  </datafield>
  <datafield tag="999" ind1="C" ind2="5">
    <subfield code="o">[2]</subfield>
    <subfield code="e">0</subfield>
    <subfield code="f">OCR</subfield>
    <subfield code="b">Bolton, J. G., Clarke, M. E. &amp; Ekers, R. D., ~~65a. Aust. J. Phys., i8, 627.</subfield>
  </datafield>
  <datafield tag="999" ind1="C" ind2="5">
    <subfield code="o">[3]</subfield>
    <subfield code="i">1965ApJ...142.1289B</subfield>
    <subfield code="e">1</subfield>
    <subfield code="f">OCR</subfield>
    <subfield code="b">Bolton, J. G., Clarke, M. E., Sandage, A. R. &amp; Veron, P., 1965b. Astrophys. J., 142, 1289.</subfield>
  </datafield>
  <datafield tag="999" ind1="C" ind2="5">
    <subfield code="o">[4]</subfield>
    <subfield code="e">0</subfield>
    <subfield code="f">OCR</subfield>
    <subfield code="b">Bolton, J. G. &amp; Ekers, J., ~~66a. Aust. J. Phys., 19, 275.</subfield>
  </datafield>
  <datafield tag="999" ind1="C" ind2="5">
    <subfield code="o">[5]</subfield>
    <subfield code="i">1966AuJPh..19..471B</subfield>
    <subfield code="e">1</subfield>
    <subfield code="f">OCR</subfield>
    <subfield code="b">Bolton, J. G. &amp; Ekers, J., 1966b. Aust. J. Phys., 19, 471.</subfield>
  </datafield>
  <datafield tag="999" ind1="C" ind2="5">
    <subfield code="o">[6]</subfield>
    <subfield code="i">1966AuJPh..19..713B</subfield>
    <subfield code="e">1</subfield>
    <subfield code="f">OCR</subfield>
    <subfield code="b">Bolton, J. G. &amp; Ekers, J., 1966d. Aust. J. Phys., 19, 713.</subfield>
  </datafield>
  <datafield tag="999" ind1="C" ind2="5">
    <subfield code="o">[7]</subfield>
    <subfield code="i">1967AuJPh..20..109B</subfield>
    <subfield code="e">1</subfield>
    <subfield code="f">OCR</subfield>
    <subfield code="b">Bolton, J. G. &amp; Ekers, J., 1967. Aust. J. Phys., 20, 109.</subfield>
  </datafield>
  <datafield tag="999" ind1="C" ind2="5">
    <subfield code="o">[8]</subfield>
    <subfield code="i">1968AuJPh..21...81B</subfield>
    <subfield code="e">1</subfield>
    <subfield code="f">OCR</subfield>
    <subfield code="b">Bolton, J. G., Shimmins, A. J. &amp; Merkelijn, J., 1968. Aust. J. Phys., 21, 81.</subfield>
  </datafield>
  <datafield tag="999" ind1="C" ind2="5">
    <subfield code="o">[9]</subfield>
    <subfield code="i">1966AuJPh..19..375C</subfield>
    <subfield code="e">1</subfield>
    <subfield code="f">OCR</subfield>
    <subfield code="b">Clarke, M. E., Bolton, J. G. &amp; Shimmins, A. J., 1966. Aust. J. Phys., 19, 375.</subfield>
  </datafield>
  <datafield tag="999" ind1="C" ind2="5">
    <subfield code="o">[10]</subfield>
    <subfield code="i">1962MNSSA..21..180D</subfield>
    <subfield code="e">1</subfield>
    <subfield code="f">OCR</subfield>
    <subfield code="b">Dixon, M. E., 1962. Mon. Not. astr. Soc. Sth. Afr., 21, 180.</subfield>
  </datafield>
  <datafield tag="999" ind1="C" ind2="5">
    <subfield code="o">[11]</subfield>
    <subfield code="i">1965AuJPh..18..669E</subfield>
    <subfield code="e">1</subfield>
    <subfield code="f">OCR</subfield>
    <subfield code="b">Ekers, R. D. &amp; Bolton, J. G., 1965. Aust. J. Phys., i8, 669.</subfield>
  </datafield>
  <datafield tag="999" ind1="C" ind2="5">
    <subfield code="o">[12]</subfield>
    <subfield code="i">1963AJ.....68..421G</subfield>
    <subfield code="e">1</subfield>
    <subfield code="f">OCR</subfield>
    <subfield code="b">Griffin, R. F., 1963. Astr. J., 68, 421.</subfield>
  </datafield>
  <datafield tag="999" ind1="C" ind2="5">
    <subfield code="o">[13]</subfield>
    <subfield code="i">1969ApJS...19..115H</subfield>
    <subfield code="e">1</subfield>
    <subfield code="f">OCR</subfield>
    <subfield code="b">Harris, D. E. &amp; Gundermann Hardebeck, E. J., 1969. Astrophys. J. Suppl. Ser., 19, 115.</subfield>
  </datafield>
  <datafield tag="999" ind1="C" ind2="5">
    <subfield code="o">[14]</subfield>
    <subfield code="i">1970MNRAS.149...91H</subfield>
    <subfield code="e">1</subfield>
    <subfield code="f">OCR</subfield>
    <subfield code="b">Hunstead, R. W. &amp; Jauncey, D. L., 1970. Mon. Not. R. astr. Soc., 149, 91.</subfield>
  </datafield>
  <datafield tag="999" ind1="C" ind2="5">
    <subfield code="o">[15]</subfield>
    <subfield code="i">1970ApJ...162..391K</subfield>
    <subfield code="e">1</subfield>
    <subfield code="f">OCR</subfield>
    <subfield code="b">Kristian, J. &amp; Sandage, A., 1970. Astrophys. J., 162, 391.</subfield>
  </datafield>
  <datafield tag="999" ind1="C" ind2="5">
    <subfield code="o">[16]</subfield>
    <subfield code="e">5</subfield>
    <subfield code="f">OCR</subfield>
    <subfield code="b">Lii', P. K., ~~6~a. Astrophys. J. (Letters), i~6, L71.</subfield>
  </datafield>
  <datafield tag="999" ind1="C" ind2="5">
    <subfield code="o">[17]</subfield>
    <subfield code="i">1969AJ.....74..352L</subfield>
    <subfield code="e">1</subfield>
    <subfield code="f">OCR</subfield>
    <subfield code="b">Lii', P. K., 1969b. Astr. J., 74, 352.</subfield>
  </datafield>
  <datafield tag="999" ind1="C" ind2="5">
    <subfield code="o">[18]</subfield>
    <subfield code="i">1967ApJ...150L..71L</subfield>
    <subfield code="e">1</subfield>
    <subfield code="f">OCR</subfield>
    <subfield code="b">Lii', P. K. &amp; Fredrick, L. W., 1967. Astrophys. J. (Letters), 150, L71.</subfield>
  </datafield>
  <datafield tag="999" ind1="C" ind2="5">
    <subfield code="o">[19]</subfield>
    <subfield code="i">1968ApJ...151L..23L</subfield>
    <subfield code="e">1</subfield>
    <subfield code="f">OCR</subfield>
    <subfield code="b">Lii', P. K. &amp; Fredrick, L. W., ~~68a. Astrophys. J. (Letters), 151, L23.</subfield>
  </datafield>
  <datafield tag="999" ind1="C" ind2="5">
    <subfield code="o">[20]</subfield>
    <subfield code="i">1968ApJ...151L..75L</subfield>
    <subfield code="e">1</subfield>
    <subfield code="f">OCR</subfield>
    <subfield code="b">Lii', P. K. &amp; Fredrick, L. W., 1968b. Astrophys. J. (Letters), 151, L75.</subfield>
  </datafield>
  <datafield tag="999" ind1="C" ind2="5">
    <subfield code="o">[21]</subfield>
    <subfield code="i">1970Natur.226..532L</subfield>
    <subfield code="e">1</subfield>
    <subfield code="f">OCR</subfield>
    <subfield code="b">Lynds, R. &amp; Wills, D., 1970. Nature, 226, 532.</subfield>
  </datafield>
  <datafield tag="999" ind1="C" ind2="5">
    <subfield code="o">[22]</subfield>
    <subfield code="i">1969Natur.221.1229M</subfield>
    <subfield code="e">1</subfield>
    <subfield code="f">OCR</subfield>
    <subfield code="b">Murray, C. A., Tucker, R. H. &amp; Clements, E. D., 1969. Nature, 221 1229.</subfield>
  </datafield>
  <datafield tag="999" ind1="C" ind2="5">
    <subfield code="o">[23]</subfield>
    <subfield code="i">1970ApJ...162..399S</subfield>
    <subfield code="e">1</subfield>
    <subfield code="f">OCR</subfield>
    <subfield code="b">Sandage, A., Kristian, J. &amp; Wade, C. M., 1970. Astrophys. J., 162, 339.</subfield>
  </datafield>
  <datafield tag="999" ind1="C" ind2="5">
    <subfield code="o">[24]</subfield>
    <subfield code="i">1965ApJ...142.1307S</subfield>
    <subfield code="e">1</subfield>
    <subfield code="f">OCR</subfield>
    <subfield code="b">Sandage, A. R., Vewn, P. &amp; Wyndham, J. D., 1965. Astrophys. J., 142, 1307.</subfield>
  </datafield>
  <datafield tag="999" ind1="C" ind2="5">
    <subfield code="o">[25]</subfield>
    <subfield code="i">1966Obs....86..204S</subfield>
    <subfield code="e">1</subfield>
    <subfield code="f">OCR</subfield>
    <subfield code="b">Shobbrook, R. R. &amp; Hunstead, R. W., 1966. Observatory, 86, 204.</subfield>
  </datafield>
  <datafield tag="999" ind1="C" ind2="5">
    <subfield code="o">[26]</subfield>
    <subfield code="i">1968AuJPh..21..221S</subfield>
    <subfield code="e">1</subfield>
    <subfield code="f">OCR</subfield>
    <subfield code="b">Sutton, J. M., 1968. Aust. J. Phys., 21, 221.</subfield>
  </datafield>
  <datafield tag="999" ind1="C" ind2="5">
    <subfield code="o">[27]</subfield>
    <subfield code="i">1966ApJ...146..646T</subfield>
    <subfield code="e">1</subfield>
    <subfield code="f">OCR</subfield>
    <subfield code="b">Taylor, J. H., 1966. Astrophys. J., 146, 646.</subfield>
  </datafield>
  <datafield tag="999" ind1="C" ind2="5">
    <subfield code="o">[28]</subfield>
    <subfield code="e">5</subfield>
    <subfield code="f">OCR</subfield>
    <subfield code="b">V&amp;on, P., ~~65a. Astrophys. J., 141, 332.</subfield>
  </datafield>
  <datafield tag="999" ind1="C" ind2="5">
    <subfield code="o">[29]</subfield>
    <subfield code="i">1965ApJ...141.1284V</subfield>
    <subfield code="e">1</subfield>
    <subfield code="f">OCR</subfield>
    <subfield code="b">Veron, P., 1965b. Astrophys. J., 141, 1284.</subfield>
  </datafield>
  <datafield tag="999" ind1="C" ind2="5">
    <subfield code="o">[30]</subfield>
    <subfield code="i">1966ApJ...144..861V</subfield>
    <subfield code="e">1</subfield>
    <subfield code="f">OCR</subfield>
    <subfield code="b">Veron, P., 1966. Astrophys. J., 144, 86i.</subfield>
  </datafield>
  <datafield tag="999" ind1="C" ind2="5">
    <subfield code="o">[31]</subfield>
    <subfield code="i">1968AnAp...31..483V</subfield>
    <subfield code="e">1</subfield>
    <subfield code="f">OCR</subfield>
    <subfield code="b">Ve'rnn, P., 1968. Ann. Astrophys., 31, 483.</subfield>
  </datafield>
  <datafield tag="999" ind1="C" ind2="5">
    <subfield code="o">[32]</subfield>
    <subfield code="i">1970ApJ...162..381W</subfield>
    <subfield code="e">1</subfield>
    <subfield code="f">OCR</subfield>
    <subfield code="b">Wade, C. M., 1970. Astrophys. J., 162, 381.</subfield>
  </datafield>
  <datafield tag="999" ind1="C" ind2="5">
    <subfield code="o">[33]</subfield>
    <subfield code="i">1970Natur.228..146W</subfield>
    <subfield code="e">1</subfield>
    <subfield code="f">OCR</subfield>
    <subfield code="b">Wade, C. M., Gent, H., Adgie, R. L. &amp; Crowther, J. H., 1970. Nature, 228, 146.</subfield>
  </datafield>
  <datafield tag="999" ind1="C" ind2="5">
    <subfield code="o">[34]</subfield>
    <subfield code="i">1969AuJPh..22..775W</subfield>
    <subfield code="e">1</subfield>
    <subfield code="f">OCR</subfield>
    <subfield code="b">Wills, D. &amp; Bolton, J. G., 1969. Aust. J. Phys., 22, 775.</subfield>
  </datafield>
  <datafield tag="999" ind1="C" ind2="5">
    <subfield code="o">[35]</subfield>
    <subfield code="i">1965AJ.....70..384W</subfield>
    <subfield code="e">1</subfield>
    <subfield code="f">OCR</subfield>
    <subfield code="b">Wyndham, J. D., 1965. Astr. J., 70, 384.</subfield>
  </datafield>
  <datafield tag="907" ind1=" " ind2=" ">
    <subfield code="a">ADS</subfield>
  </datafield>
  <datafield tag="500" ind1=" " ind2=" ">
    <subfield code="a">A&amp;amp;AA ID. AAA005.141.109</subfield>
    <subfield code="9">ADS</subfield>
  </datafield>
  <datafield tag="995" ind1=" " ind2=" ">
    <subfield code="a">{"abs":[{"p":"/proj/ads/abstracts/ast/text/J71/J71-00839.abs","t":"1298448085"},{"p":"/proj/ads/abstracts/ast/text/S71/S71-00839.abs","t":"1321437921"}],"links":{"simbad":[{"c":"78","u":"http://$SIMBAD$/simbo.pl?bibcode=1971MNRAS.152..277H"}]},"prop":["article","ocr","refereed"],"refs":[{"p":"/proj/ads/references/resolved/MNRAS/0152/1971MNRAS.152..277H.ref.ocr.txt.result","t":1281301656}]}</subfield>
    <subfield code="9">AST</subfield>
  </datafield>
</record>