
<record>
  <controlfield tag="005">20120322163121.0</controlfield>
  <datafield tag="980" ind1=" " ind2=" ">
    <subfield code="a">ASTRONOMY</subfield>
  </datafield>
  <datafield tag="980" ind1=" " ind2=" ">
    <subfield code="a">OPENACCESS</subfield>
  </datafield>
  <datafield tag="980" ind1=" " ind2=" ">
    <subfield code="a">REFEREED</subfield>
  </datafield>
  <datafield tag="980" ind1=" " ind2=" ">
    <subfield code="a">ARTICLE</subfield>
  </datafield>
  <datafield tag="970" ind1=" " ind2=" ">
    <subfield code="a">2009AJ....137.4517B</subfield>
  </datafield>
  <datafield tag="035" ind1=" " ind2=" ">
    <subfield code="a">2009AJ....137.4517B</subfield>
    <subfield code="2">ADS bibcode</subfield>
  </datafield>
  <datafield tag="035" ind1=" " ind2=" ">
    <subfield code="y">2008arXiv0803.1265B</subfield>
    <subfield code="2">eprint bibcode</subfield>
  </datafield>
  <datafield tag="024" ind1="7" ind2=" ">
    <subfield code="a">10.1088/0004-6256/137/5/4517</subfield>
    <subfield code="2">DOI</subfield>
  </datafield>
  <datafield tag="035" ind1=" " ind2=" ">
    <subfield code="a">arXiv:0803.1265</subfield>
    <subfield code="2">arXiv</subfield>
  </datafield>
  <datafield tag="245" ind1=" " ind2=" ">
    <subfield code="a">Ultraviolet Light Curves of Supernovae with the Swift Ultraviolet/Optical Telescope</subfield>
  </datafield>
  <datafield tag="100" ind1=" " ind2=" ">
    <subfield code="a">Brown, Peter J.</subfield>
    <subfield code="b">Brown, P</subfield>
    <subfield code="e">regular</subfield>
    <subfield code="u">Pennsylvania State University, Department of Astronomy &amp; Astrophysics, University Park, PA 16802, USA</subfield>
  </datafield>
  <datafield tag="700" ind1=" " ind2=" ">
    <subfield code="a">Holland, Stephen T.</subfield>
    <subfield code="b">Holland, S</subfield>
    <subfield code="e">regular</subfield>
    <subfield code="u">Astrophysics Science Division, Code 660.1, NASA/Goddard Space Flight Center, Greenbelt, MD 20770, USA; Universities Space Research Association, 10227 Wincopin Circle, Suite 221, Columbia, MD 21044, USA; Centre for Research and Exploration in Space Science and Technology Code 660.8, NASA/GSFC, Greenbelt, MD 20770, USA</subfield>
  </datafield>
  <datafield tag="700" ind1=" " ind2=" ">
    <subfield code="a">Immler, Stefan</subfield>
    <subfield code="b">Immler, S</subfield>
    <subfield code="e">regular</subfield>
    <subfield code="u">Astrophysics Science Division, Code 660.1, NASA/Goddard Space Flight Center, Greenbelt, MD 20770, USA; Centre for Research and Exploration in Space Science and Technology Code 660.8, NASA/GSFC, Greenbelt, MD 20770, USA</subfield>
  </datafield>
  <datafield tag="700" ind1=" " ind2=" ">
    <subfield code="a">Milne, Peter</subfield>
    <subfield code="b">Milne, P</subfield>
    <subfield code="e">regular</subfield>
    <subfield code="u">Steward Observatory, University of Arizona, 933 North Cherry Avenue, Tucson, AZ 85721, USA</subfield>
  </datafield>
  <datafield tag="700" ind1=" " ind2=" ">
    <subfield code="a">Roming, Peter W. A.</subfield>
    <subfield code="b">Roming, P</subfield>
    <subfield code="e">regular</subfield>
    <subfield code="u">Pennsylvania State University, Department of Astronomy &amp; Astrophysics, University Park, PA 16802, USA</subfield>
  </datafield>
  <datafield tag="700" ind1=" " ind2=" ">
    <subfield code="a">Gehrels, Neil</subfield>
    <subfield code="b">Gehrels, N</subfield>
    <subfield code="e">regular</subfield>
    <subfield code="u">Astrophysics Science Division, Code 660.1, NASA/Goddard Space Flight Center, Greenbelt, MD 20770, USA</subfield>
  </datafield>
  <datafield tag="700" ind1=" " ind2=" ">
    <subfield code="a">Nousek, John</subfield>
    <subfield code="b">Nousek, J</subfield>
    <subfield code="e">regular</subfield>
    <subfield code="u">Pennsylvania State University, Department of Astronomy &amp; Astrophysics, University Park, PA 16802, USA</subfield>
  </datafield>
  <datafield tag="700" ind1=" " ind2=" ">
    <subfield code="a">Panagia, Nino</subfield>
    <subfield code="b">Panagia, N</subfield>
    <subfield code="e">regular</subfield>
    <subfield code="u">Space Telescope Science Institute, 3700 San Martin Drive, Baltimore, MD 21218, USA; INAF-Osservatorio Astrofisico di Catania, Via S. Sofia 78, I-95128 Catania, Italy; Supernova Ltd., OYV #131, Northsound Road, Virgin Gorda, British Virgin Islands</subfield>
  </datafield>
  <datafield tag="700" ind1=" " ind2=" ">
    <subfield code="a">Still, Martin</subfield>
    <subfield code="b">Still, M</subfield>
    <subfield code="e">regular</subfield>
    <subfield code="u">Mullard Space Science Laboratory, Department of Space and Climate Physics, University College London, Holmbury St. Mary, Dorking, Surrey, RH5 6NT, UK</subfield>
  </datafield>
  <datafield tag="700" ind1=" " ind2=" ">
    <subfield code="a">Vanden Berk, Daniel</subfield>
    <subfield code="b">Vanden Berk, D</subfield>
    <subfield code="e">regular</subfield>
    <subfield code="u">Pennsylvania State University, Department of Astronomy &amp; Astrophysics, University Park, PA 16802, USA</subfield>
  </datafield>
  <datafield tag="773" ind1=" " ind2=" ">
    <subfield code="p">The Astronomical Journal</subfield>
    <subfield code="v">137</subfield>
    <subfield code="c">4517-4525</subfield>
    <subfield code="n">5</subfield>
    <subfield code="y">2009</subfield>
    <subfield code="z">The Astronomical Journal, Volume 137, Issue 5, pp. 4517-4525 (2009).</subfield>
  </datafield>
  <datafield tag="260" ind1=" " ind2=" ">
    <subfield code="c">2009-05-00</subfield>
    <subfield code="t">date-published</subfield>
  </datafield>
  <datafield tag="653" ind1="1" ind2=" ">
    <subfield code="a">distance scale</subfield>
    <subfield code="9">Astronomy</subfield>
  </datafield>
  <datafield tag="653" ind1="1" ind2=" ">
    <subfield code="a">dust</subfield>
    <subfield code="9">Astronomy</subfield>
  </datafield>
  <datafield tag="653" ind1="1" ind2=" ">
    <subfield code="a">extinction</subfield>
    <subfield code="9">Astronomy</subfield>
  </datafield>
  <datafield tag="653" ind1="1" ind2=" ">
    <subfield code="a">galaxies: distances and redshifts</subfield>
    <subfield code="9">Astronomy</subfield>
  </datafield>
  <datafield tag="653" ind1="1" ind2=" ">
    <subfield code="a">supernovae: general</subfield>
    <subfield code="9">Astronomy</subfield>
  </datafield>
  <datafield tag="653" ind1="1" ind2=" ">
    <subfield code="a">ultraviolet: general</subfield>
    <subfield code="9">Astronomy</subfield>
  </datafield>
  <datafield tag="653" ind1="1" ind2=" ">
    <subfield code="a">cosmology distance scale</subfield>
    <subfield code="9">Normalized</subfield>
  </datafield>
  <datafield tag="653" ind1="1" ind2=" ">
    <subfield code="a">dust</subfield>
    <subfield code="9">Normalized</subfield>
  </datafield>
  <datafield tag="653" ind1="1" ind2=" ">
    <subfield code="a">ism dust extinction</subfield>
    <subfield code="9">Normalized</subfield>
  </datafield>
  <datafield tag="653" ind1="1" ind2=" ">
    <subfield code="a">stars novae;cataclysmic variables</subfield>
    <subfield code="9">Normalized</subfield>
  </datafield>
  <datafield tag="653" ind1="1" ind2=" ">
    <subfield code="a">astronomy uv</subfield>
    <subfield code="9">Normalized</subfield>
  </datafield>
  <datafield tag="520" ind1=" " ind2=" ">
    <subfield code="a">We present ultraviolet (UV) observations of supernovae (SNe) obtained with the UltraViolet/Optical Telescope (UVOT) on board the Swift spacecraft. This is the largest sample of UV light curves from any single instrument and covers all major SN types and most subtypes. The UV light curves of SNe Ia are fairly homogenous, while SNe Ib/c and IIP show more variety in their light-curve shapes. The UV-optical colors clearly differentiate SNe Ia and IIP, particularly at early times. The color evolution of SNe IIP, however, makes their colors similar to SNe Ia at about 20 days after explosion. SNe Ib/c are shown to have varied UV-optical colors. The use of UV colors to help type SNe will be important for high-redshift SNe discovered in optical observations. These data can be added to ground-based optical and near infrared data to create bolometric light curves of individual objects and as checks on generic bolometric corrections used in the absence of UV data. This sample can also be compared with rest-frame UV observations of high-redshift SNe observed at optical wavelengths.</subfield>
    <subfield code="y">en</subfield>
  </datafield>
  <datafield tag="856" ind1="4" ind2=" ">
    <subfield code="u">http://adsabs.harvard.edu/cgi-bin/nph-data_query?bibcode=2009AJ....137.4517B&amp;link_type=EJOURNAL</subfield>
    <subfield code="y">Electronic On-line Article (HTML)</subfield>
  </datafield>
  <datafield tag="856" ind1="4" ind2=" ">
    <subfield code="u">http://adsabs.harvard.edu/cgi-bin/nph-data_query?bibcode=2009AJ....137.4517B&amp;link_type=DATA</subfield>
    <subfield code="y">On-line Data</subfield>
  </datafield>
  <datafield tag="856" ind1="4" ind2=" ">
    <subfield code="u">http://adsabs.harvard.edu/cgi-bin/nph-data_query?bibcode=2009AJ....137.4517B&amp;link_type=ARTICLE</subfield>
    <subfield code="y">Full Printable Article (PDF/Postscript)</subfield>
  </datafield>
  <datafield tag="856" ind1="4" ind2=" ">
    <subfield code="u">http://adsabs.harvard.edu/cgi-bin/nph-data_query?bibcode=2009AJ....137.4517B&amp;link_type=NED</subfield>
    <subfield code="y">NED Objects</subfield>
  </datafield>
  <datafield tag="856" ind1="4" ind2=" ">
    <subfield code="u">http://adsabs.harvard.edu/cgi-bin/nph-data_query?bibcode=2009AJ....137.4517B&amp;link_type=SIMBAD</subfield>
    <subfield code="y">SIMBAD Objects</subfield>
  </datafield>
  <datafield tag="856" ind1="4" ind2=" ">
    <subfield code="u">http://adsabs.harvard.edu/cgi-bin/nph-data_query?bibcode=2009AJ....137.4517B&amp;link_type=PREPRINT</subfield>
    <subfield code="y">arXiv e-print</subfield>
  </datafield>
  <datafield tag="999" ind1="C" ind2="5">
    <subfield code="o">[1]</subfield>
    <subfield code="i">2007APh....27..213A</subfield>
    <subfield code="e">1</subfield>
    <subfield code="f">IOP:UCP</subfield>
    <subfield code="b">&lt;reference type="journal"&gt;&lt;ref_citation&gt;Aldering, G., Kim, A. G., Kowalski, M., Linder, E. V., __amp__amp; Perlmutter, S. 2007, Astropart. Phys., 27, 213&lt;/ref_citation&gt;&lt;ref_doi&gt;10.1016/j.astropartphys.2006.11.001&lt;/ref_doi&gt;&lt;ref_authors&gt;Aldering, G., Kim, A. G., Kowalski, M., Linder, E. V., __amp__amp; Perlmutter, S.&lt;/ref_authors&gt;&lt;ref_journal&gt;Astropart. Phys.&lt;/ref_journal&gt;&lt;ref_issn&gt;0927-6505&lt;/ref_issn&gt;&lt;ref_volume&gt;27&lt;/ref_volume&gt;&lt;ref_year&gt;2007&lt;/ref_year&gt;&lt;ref_start_page&gt;213&lt;/ref_start_page&gt;&lt;/reference&gt;</subfield>
  </datafield>
  <datafield tag="999" ind1="C" ind2="5">
    <subfield code="o">[2]</subfield>
    <subfield code="i">2006A&amp;amp;A...447...31A</subfield>
    <subfield code="e">1</subfield>
    <subfield code="f">IOP:UCP</subfield>
    <subfield code="b">&lt;reference type="journal"&gt;&lt;ref_citation&gt;Astier, P. et al. 2006, A__amp__amp;A, 447, 31&lt;/ref_citation&gt;&lt;ref_doi&gt;10.1051/0004-6361:20054185&lt;/ref_doi&gt;&lt;ref_authors&gt;Astier, P. et al.&lt;/ref_authors&gt;&lt;ref_journal&gt;A__amp__amp;A&lt;/ref_journal&gt;&lt;ref_issn&gt;0004-6361&lt;/ref_issn&gt;&lt;ref_volume&gt;447&lt;/ref_volume&gt;&lt;ref_year&gt;2006&lt;/ref_year&gt;&lt;ref_start_page&gt;31&lt;/ref_start_page&gt;&lt;/reference&gt;</subfield>
  </datafield>
  <datafield tag="999" ind1="C" ind2="5">
    <subfield code="o">[3]</subfield>
    <subfield code="i">2007RSPTA.365.1263B</subfield>
    <subfield code="e">1</subfield>
    <subfield code="f">IOP:UCP</subfield>
    <subfield code="b">&lt;reference type="journal"&gt;&lt;ref_citation&gt;Blustin, A. J. 2007, Phil. Trans. R. Soc., 365, 1263&lt;/ref_citation&gt;&lt;ref_doi&gt;10.1098/rsta.2006.1968&lt;/ref_doi&gt;&lt;ref_authors&gt;Blustin, A. J.&lt;/ref_authors&gt;&lt;ref_journal&gt;Phil. Trans. R. Soc.&lt;/ref_journal&gt;&lt;ref_volume&gt;365&lt;/ref_volume&gt;&lt;ref_year&gt;2007&lt;/ref_year&gt;&lt;ref_start_page&gt;1263&lt;/ref_start_page&gt;&lt;/reference&gt;</subfield>
  </datafield>
  <datafield tag="999" ind1="C" ind2="5">
    <subfield code="o">[4]</subfield>
    <subfield code="i">2008ATel.1403....1B</subfield>
    <subfield code="e">1</subfield>
    <subfield code="f">IOP:UCP</subfield>
    <subfield code="b">&lt;reference type="journal"&gt;&lt;ref_citation&gt;Brown, P. J. __amp__amp; Immler, S. 2008, ATEL, 1403&lt;/ref_citation&gt;&lt;ref_authors&gt;Brown, P. J. __amp__amp; Immler, S.&lt;/ref_authors&gt;&lt;ref_journal&gt;ATEL&lt;/ref_journal&gt;&lt;ref_year&gt;2008&lt;/ref_year&gt;&lt;ref_start_page&gt;1403&lt;/ref_start_page&gt;&lt;/reference&gt;</subfield>
  </datafield>
  <datafield tag="999" ind1="C" ind2="5">
    <subfield code="o">[5]</subfield>
    <subfield code="i">2005ApJ...635.1192B</subfield>
    <subfield code="e">1</subfield>
    <subfield code="f">IOP:UCP</subfield>
    <subfield code="b">&lt;reference type="journal"&gt;&lt;ref_citation&gt;Brown, P. J. et al. 2005, ApJ, 635, 1192&lt;/ref_citation&gt;&lt;ref_doi&gt;10.1086/497437&lt;/ref_doi&gt;&lt;ref_authors&gt;Brown, P. J. et al.&lt;/ref_authors&gt;&lt;ref_journal&gt;ApJ&lt;/ref_journal&gt;&lt;ref_issn&gt;0004-637X&lt;/ref_issn&gt;&lt;ref_volume&gt;635&lt;/ref_volume&gt;&lt;ref_artnum&gt;1192&lt;/ref_artnum&gt;&lt;ref_year&gt;2005&lt;/ref_year&gt;&lt;ref_start_page&gt;1192&lt;/ref_start_page&gt;&lt;/reference&gt;</subfield>
  </datafield>
  <datafield tag="999" ind1="C" ind2="5">
    <subfield code="o">[6]</subfield>
    <subfield code="i">2007ApJ...659.1488B</subfield>
    <subfield code="e">1</subfield>
    <subfield code="f">IOP:UCP</subfield>
    <subfield code="b">&lt;reference type="journal"&gt;&lt;ref_citation&gt;Brown, P. J. et al. 2007a, ApJ, 659, 1488&lt;/ref_citation&gt;&lt;ref_doi&gt;10.1086/511968&lt;/ref_doi&gt;&lt;ref_authors&gt;Brown, P. J. et al.&lt;/ref_authors&gt;&lt;ref_journal&gt;ApJ&lt;/ref_journal&gt;&lt;ref_issn&gt;0004-637X&lt;/ref_issn&gt;&lt;ref_volume&gt;659&lt;/ref_volume&gt;&lt;ref_artnum&gt;1488&lt;/ref_artnum&gt;&lt;ref_year&gt;2007&lt;/ref_year&gt;&lt;ref_start_page&gt;1488&lt;/ref_start_page&gt;&lt;/reference&gt;</subfield>
  </datafield>
  <datafield tag="999" ind1="C" ind2="5">
    <subfield code="o">[7]</subfield>
    <subfield code="i">2007AIPC..937..386B</subfield>
    <subfield code="e">1</subfield>
    <subfield code="f">IOP:UCP</subfield>
    <subfield code="b">&lt;reference type="book"&gt;&lt;ref_citation&gt;Brown, P. J., Roming, P. W. A., Vanden Berk, D. E., Holland, S. T., Immler, S., __amp__amp; Milne, P. A. 2007b, SUPERNOVA 1987A: 20 YEARS AFTER: Supernovae and Gamma-Ray Bursters (AIP Conf. Proc. 937), ed. S. Immler __amp__amp; K. Weiler (New York: AIP), 386&lt;/ref_citation&gt;&lt;ref_authors&gt;Brown, P. J., Roming, P. W. A., Vanden Berk, D. E., Holland, S. T., Immler, S., __amp__amp; Milne, P. A.&lt;/ref_authors&gt;&lt;ref_journal&gt;SUPERNOVA 1987A: 20 YEARS AFTER: Supernovae and Gamma-Ray Bursters&lt;/ref_journal&gt;&lt;ref_year&gt;2007&lt;/ref_year&gt;&lt;ref_start_page&gt;386&lt;/ref_start_page&gt;&lt;/reference&gt;</subfield>
  </datafield>
  <datafield tag="999" ind1="C" ind2="5">
    <subfield code="o">[8]</subfield>
    <subfield code="e">0</subfield>
    <subfield code="f">IOP:UCP</subfield>
    <subfield code="b">&lt;reference type="journal"&gt;&lt;ref_citation&gt;Bufano, F. et al. 2009, ApJ, submitted&lt;/ref_citation&gt;&lt;ref_authors&gt;Bufano, F. et al.&lt;/ref_authors&gt;&lt;ref_year&gt;2009&lt;/ref_year&gt;&lt;/reference&gt;</subfield>
  </datafield>
  <datafield tag="999" ind1="C" ind2="5">
    <subfield code="o">[9]</subfield>
    <subfield code="i">2006Natur.442.1008C</subfield>
    <subfield code="e">1</subfield>
    <subfield code="f">IOP:UCP</subfield>
    <subfield code="b">&lt;reference type="journal"&gt;&lt;ref_citation&gt;Campana, S. et al. 2006, Nature, 442, 1008&lt;/ref_citation&gt;&lt;ref_doi&gt;10.1038/nature04892&lt;/ref_doi&gt;&lt;ref_authors&gt;Campana, S. et al.&lt;/ref_authors&gt;&lt;ref_journal&gt;Nature&lt;/ref_journal&gt;&lt;ref_volume&gt;442&lt;/ref_volume&gt;&lt;ref_year&gt;2006&lt;/ref_year&gt;&lt;ref_start_page&gt;1008&lt;/ref_start_page&gt;&lt;/reference&gt;</subfield>
  </datafield>
  <datafield tag="999" ind1="C" ind2="5">
    <subfield code="o">[10]</subfield>
    <subfield code="i">1995ESASP1189.....C</subfield>
    <subfield code="e">1</subfield>
    <subfield code="f">IOP:UCP</subfield>
    <subfield code="b">&lt;reference type="book"&gt;&lt;ref_citation&gt;Cappellaro, E., Turatto, M., __amp__amp; Fernley, J. 1995, IUE-ULDA Access Guide No. 6: Supernovae (ESA-SP 1189; Noordwijk: ESA Publications Division)&lt;/ref_citation&gt;&lt;ref_authors&gt;Cappellaro, E., Turatto, M., __amp__amp; Fernley, J.&lt;/ref_authors&gt;&lt;ref_journal&gt;IUE-ULDA Access Guide No. 6: Supernovae&lt;/ref_journal&gt;&lt;ref_year&gt;1995&lt;/ref_year&gt;&lt;/reference&gt;</subfield>
  </datafield>
  <datafield tag="999" ind1="C" ind2="5">
    <subfield code="o">[11]</subfield>
    <subfield code="i">1989ApJ...345..245C</subfield>
    <subfield code="e">1</subfield>
    <subfield code="f">IOP:UCP</subfield>
    <subfield code="b">&lt;reference type="journal"&gt;&lt;ref_citation&gt;Cardelli, J. A., Clayton, G. C., __amp__amp; Mathis, J. S. 1989, ApJ, 345, 245&lt;/ref_citation&gt;&lt;ref_doi&gt;10.1086/167900&lt;/ref_doi&gt;&lt;ref_authors&gt;Cardelli, J. A., Clayton, G. C., __amp__amp; Mathis, J. S.&lt;/ref_authors&gt;&lt;ref_journal&gt;ApJ&lt;/ref_journal&gt;&lt;ref_volume&gt;345&lt;/ref_volume&gt;&lt;ref_year&gt;1989&lt;/ref_year&gt;&lt;ref_start_page&gt;245&lt;/ref_start_page&gt;&lt;/reference&gt;</subfield>
  </datafield>
  <datafield tag="999" ind1="C" ind2="5">
    <subfield code="o">[12]</subfield>
    <subfield code="i">2000A&amp;amp;A...359..876C</subfield>
    <subfield code="e">1</subfield>
    <subfield code="f">IOP:UCP</subfield>
    <subfield code="b">&lt;reference type="journal"&gt;&lt;ref_citation&gt;Contardo, G., Leibundgut, B., __amp__amp; Vacca, W.D. 2000, A__amp__amp;A, 359, 876&lt;/ref_citation&gt;&lt;ref_authors&gt;Contardo, G., Leibundgut, B., __amp__amp; Vacca, W.D.&lt;/ref_authors&gt;&lt;ref_journal&gt;A__amp__amp;A&lt;/ref_journal&gt;&lt;ref_issn&gt;0004-6361&lt;/ref_issn&gt;&lt;ref_volume&gt;359&lt;/ref_volume&gt;&lt;ref_year&gt;2000&lt;/ref_year&gt;&lt;ref_start_page&gt;876&lt;/ref_start_page&gt;&lt;/reference&gt;</subfield>
  </datafield>
  <datafield tag="999" ind1="C" ind2="5">
    <subfield code="o">[13]</subfield>
    <subfield code="i">2008ApJ...675..644D</subfield>
    <subfield code="e">1</subfield>
    <subfield code="f">IOP:UCP</subfield>
    <subfield code="b">&lt;reference type="journal"&gt;&lt;ref_citation&gt;Dessart, L. et al. 2008, ApJ, 675, 644&lt;/ref_citation&gt;&lt;ref_doi&gt;10.1086/526451&lt;/ref_doi&gt;&lt;ref_authors&gt;Dessart, L. et al.&lt;/ref_authors&gt;&lt;ref_journal&gt;ApJ&lt;/ref_journal&gt;&lt;ref_issn&gt;0004-637X&lt;/ref_issn&gt;&lt;ref_volume&gt;675&lt;/ref_volume&gt;&lt;ref_artnum&gt;644&lt;/ref_artnum&gt;&lt;ref_year&gt;2008&lt;/ref_year&gt;&lt;ref_start_page&gt;644&lt;/ref_start_page&gt;&lt;/reference&gt;</subfield>
  </datafield>
  <datafield tag="999" ind1="C" ind2="5">
    <subfield code="o">[14]</subfield>
    <subfield code="i">2008ApJ...674...51E</subfield>
    <subfield code="e">1</subfield>
    <subfield code="f">IOP:UCP</subfield>
    <subfield code="b">&lt;reference type="journal"&gt;&lt;ref_citation&gt;Ellis, R. S. et al. 2008, ApJ, 674, 51&lt;/ref_citation&gt;&lt;ref_doi&gt;10.1086/524981&lt;/ref_doi&gt;&lt;ref_authors&gt;Ellis, R. S. et al.&lt;/ref_authors&gt;&lt;ref_journal&gt;ApJ&lt;/ref_journal&gt;&lt;ref_issn&gt;0004-637X&lt;/ref_issn&gt;&lt;ref_volume&gt;674&lt;/ref_volume&gt;&lt;ref_artnum&gt;51&lt;/ref_artnum&gt;&lt;ref_year&gt;2008&lt;/ref_year&gt;&lt;ref_start_page&gt;51&lt;/ref_start_page&gt;&lt;/reference&gt;</subfield>
  </datafield>
  <datafield tag="999" ind1="C" ind2="5">
    <subfield code="o">[15]</subfield>
    <subfield code="i">2008ApJ...684...68F</subfield>
    <subfield code="e">1</subfield>
    <subfield code="f">IOP:UCP</subfield>
    <subfield code="b">&lt;reference type="journal"&gt;&lt;ref_citation&gt;Foley, R. J. et al. 2008, ApJ, 684, 68&lt;/ref_citation&gt;&lt;ref_doi&gt;10.1086/589612&lt;/ref_doi&gt;&lt;ref_authors&gt;Foley, R. J. et al.&lt;/ref_authors&gt;&lt;ref_journal&gt;ApJ&lt;/ref_journal&gt;&lt;ref_issn&gt;0004-637X&lt;/ref_issn&gt;&lt;ref_volume&gt;684&lt;/ref_volume&gt;&lt;ref_artnum&gt;68&lt;/ref_artnum&gt;&lt;ref_year&gt;2008&lt;/ref_year&gt;&lt;ref_start_page&gt;68&lt;/ref_start_page&gt;&lt;/reference&gt;</subfield>
  </datafield>
  <datafield tag="999" ind1="C" ind2="5">
    <subfield code="o">[16]</subfield>
    <subfield code="i">2007CBET..862....1F</subfield>
    <subfield code="e">1</subfield>
    <subfield code="f">IOP:UCP</subfield>
    <subfield code="b">&lt;reference type="journal"&gt;&lt;ref_citation&gt;Folatelli, G., Morrell, N., Phillips, M., __amp__amp; Hamuy, M. 2007, CBET, 862&lt;/ref_citation&gt;&lt;ref_authors&gt;Folatelli, G., Morrell, N., Phillips, M., __amp__amp; Hamuy, M.&lt;/ref_authors&gt;&lt;ref_journal&gt;CBET&lt;/ref_journal&gt;&lt;ref_year&gt;2007&lt;/ref_year&gt;&lt;ref_start_page&gt;862&lt;/ref_start_page&gt;&lt;/reference&gt;</subfield>
  </datafield>
  <datafield tag="999" ind1="C" ind2="5">
    <subfield code="o">[17]</subfield>
    <subfield code="i">1987A&amp;amp;A...177L..33F</subfield>
    <subfield code="e">1</subfield>
    <subfield code="f">IOP:UCP</subfield>
    <subfield code="b">&lt;reference type="journal"&gt;&lt;ref_citation&gt;Fransson, C., Grewing, M., Cassatella, A., Panagia, N., __amp__amp; Wamsteker, W. 1987, A__amp__amp;AL, 177, 33&lt;/ref_citation&gt;&lt;ref_authors&gt;Fransson, C., Grewing, M., Cassatella, A., Panagia, N., __amp__amp; Wamsteker, W.&lt;/ref_authors&gt;&lt;ref_journal&gt;A__amp__amp;AL&lt;/ref_journal&gt;&lt;ref_volume&gt;177&lt;/ref_volume&gt;&lt;ref_year&gt;1987&lt;/ref_year&gt;&lt;ref_start_page&gt;33&lt;/ref_start_page&gt;&lt;/reference&gt;</subfield>
  </datafield>
  <datafield tag="999" ind1="C" ind2="5">
    <subfield code="o">[18]</subfield>
    <subfield code="i">2005ApJ...622..991F</subfield>
    <subfield code="e">1</subfield>
    <subfield code="f">IOP:UCP</subfield>
    <subfield code="b">&lt;reference type="journal"&gt;&lt;ref_citation&gt;Fransson, C. et al. 2005, ApJ, 622, 991&lt;/ref_citation&gt;&lt;ref_doi&gt;10.1086/426495&lt;/ref_doi&gt;&lt;ref_authors&gt;Fransson, C. et al.&lt;/ref_authors&gt;&lt;ref_journal&gt;ApJ&lt;/ref_journal&gt;&lt;ref_issn&gt;0004-637X&lt;/ref_issn&gt;&lt;ref_volume&gt;622&lt;/ref_volume&gt;&lt;ref_artnum&gt;991&lt;/ref_artnum&gt;&lt;ref_year&gt;2005&lt;/ref_year&gt;&lt;ref_start_page&gt;991&lt;/ref_start_page&gt;&lt;/reference&gt;</subfield>
  </datafield>
  <datafield tag="999" ind1="C" ind2="5">
    <subfield code="o">[19]</subfield>
    <subfield code="i">1996AJ....111.1748F</subfield>
    <subfield code="e">1</subfield>
    <subfield code="f">IOP:UCP</subfield>
    <subfield code="b">&lt;reference type="journal"&gt;&lt;ref_citation&gt;Fukugita, M., Ichikawa, T., Gunn, J. E., Doi, M., Shimasaku, K., __amp__amp; Schneider, D. P. 1996, AJ, 111, 1748&lt;/ref_citation&gt;&lt;ref_doi&gt;10.1086/117915&lt;/ref_doi&gt;&lt;ref_authors&gt;Fukugita, M., Ichikawa, T., Gunn, J. E., Doi, M., Shimasaku, K., __amp__amp; Schneider, D. P.&lt;/ref_authors&gt;&lt;ref_journal&gt;AJ&lt;/ref_journal&gt;&lt;ref_volume&gt;111&lt;/ref_volume&gt;&lt;ref_year&gt;1996&lt;/ref_year&gt;&lt;ref_start_page&gt;1748&lt;/ref_start_page&gt;&lt;/reference&gt;</subfield>
  </datafield>
  <datafield tag="999" ind1="C" ind2="5">
    <subfield code="o">[20]</subfield>
    <subfield code="i">2004PASP..116..597G</subfield>
    <subfield code="e">1</subfield>
    <subfield code="f">IOP:UCP</subfield>
    <subfield code="b">&lt;reference type="journal"&gt;&lt;ref_citation&gt;Gal-Yam, A., Poznanski, D., Maoz, D., Filippenko, A. V., __amp__amp; Foley, R. J. 2004, PASP, 116, 597&lt;/ref_citation&gt;&lt;ref_doi&gt;10.1086/421875&lt;/ref_doi&gt;&lt;ref_authors&gt;Gal-Yam, A., Poznanski, D., Maoz, D., Filippenko, A. V., __amp__amp; Foley, R. J.&lt;/ref_authors&gt;&lt;ref_journal&gt;PASP&lt;/ref_journal&gt;&lt;ref_volume&gt;116&lt;/ref_volume&gt;&lt;ref_year&gt;2004&lt;/ref_year&gt;&lt;ref_start_page&gt;597&lt;/ref_start_page&gt;&lt;/reference&gt;</subfield>
  </datafield>
  <datafield tag="999" ind1="C" ind2="5">
    <subfield code="o">[21]</subfield>
    <subfield code="i">2008ApJ...685L.117G</subfield>
    <subfield code="e">1</subfield>
    <subfield code="f">IOP:UCP</subfield>
    <subfield code="b">&lt;reference type="journal"&gt;&lt;ref_citation&gt;Gal-Yam, A. et al. 2008, ApJ, 685, L117&lt;/ref_citation&gt;&lt;ref_doi&gt;10.1086/592744&lt;/ref_doi&gt;&lt;ref_authors&gt;Gal-Yam, A. et al.&lt;/ref_authors&gt;&lt;ref_journal&gt;ApJ&lt;/ref_journal&gt;&lt;ref_issn&gt;1538-4357&lt;/ref_issn&gt;&lt;ref_volume&gt;685&lt;/ref_volume&gt;&lt;ref_artnum&gt;L117&lt;/ref_artnum&gt;&lt;ref_year&gt;2008&lt;/ref_year&gt;&lt;ref_start_page&gt;L117&lt;/ref_start_page&gt;&lt;/reference&gt;</subfield>
  </datafield>
  <datafield tag="999" ind1="C" ind2="5">
    <subfield code="o">[22]</subfield>
    <subfield code="i">2007AJ....133..403G</subfield>
    <subfield code="e">1</subfield>
    <subfield code="f">IOP:UCP</subfield>
    <subfield code="b">&lt;reference type="journal"&gt;&lt;ref_citation&gt;Garg, A. et al. 2007, AJ, 133, 403&lt;/ref_citation&gt;&lt;ref_doi&gt;10.1086/510118&lt;/ref_doi&gt;&lt;ref_authors&gt;Garg, A. et al.&lt;/ref_authors&gt;&lt;ref_journal&gt;AJ&lt;/ref_journal&gt;&lt;ref_issn&gt;1538-3881&lt;/ref_issn&gt;&lt;ref_volume&gt;133&lt;/ref_volume&gt;&lt;ref_artnum&gt;403&lt;/ref_artnum&gt;&lt;ref_year&gt;2007&lt;/ref_year&gt;&lt;ref_start_page&gt;403&lt;/ref_start_page&gt;&lt;/reference&gt;</subfield>
  </datafield>
  <datafield tag="999" ind1="C" ind2="5">
    <subfield code="o">[23]</subfield>
    <subfield code="i">2004ApJ...611.1005G</subfield>
    <subfield code="e">1</subfield>
    <subfield code="f">IOP:UCP</subfield>
    <subfield code="b">&lt;reference type="journal"&gt;&lt;ref_citation&gt;Gehrels, N. et al. 2004, ApJ, 611, 1005&lt;/ref_citation&gt;&lt;ref_doi&gt;10.1086/422091&lt;/ref_doi&gt;&lt;ref_authors&gt;Gehrels, N. et al.&lt;/ref_authors&gt;&lt;ref_journal&gt;ApJ&lt;/ref_journal&gt;&lt;ref_issn&gt;0004-637X&lt;/ref_issn&gt;&lt;ref_volume&gt;611&lt;/ref_volume&gt;&lt;ref_artnum&gt;1005&lt;/ref_artnum&gt;&lt;ref_year&gt;2004&lt;/ref_year&gt;&lt;ref_start_page&gt;1005&lt;/ref_start_page&gt;&lt;/reference&gt;</subfield>
  </datafield>
  <datafield tag="999" ind1="C" ind2="5">
    <subfield code="o">[24]</subfield>
    <subfield code="i">2009ApJ...690.1313G</subfield>
    <subfield code="e">1</subfield>
    <subfield code="f">IOP:UCP</subfield>
    <subfield code="b">&lt;reference type="journal"&gt;&lt;ref_citation&gt;Gezari, S. et al. 2009, ApJ, 690, 1313&lt;/ref_citation&gt;&lt;ref_doi&gt;10.1088/0004-637X/690/2/1313&lt;/ref_doi&gt;&lt;ref_authors&gt;Gezari, S. et al.&lt;/ref_authors&gt;&lt;ref_journal&gt;ApJ&lt;/ref_journal&gt;&lt;ref_issn&gt;0004-637X&lt;/ref_issn&gt;&lt;ref_volume&gt;690&lt;/ref_volume&gt;&lt;ref_artnum&gt;1313&lt;/ref_artnum&gt;&lt;ref_year&gt;2009&lt;/ref_year&gt;&lt;ref_start_page&gt;1313&lt;/ref_start_page&gt;&lt;/reference&gt;</subfield>
  </datafield>
  <datafield tag="999" ind1="C" ind2="5">
    <subfield code="o">[25]</subfield>
    <subfield code="i">2007MNRAS.382L..77G</subfield>
    <subfield code="e">1</subfield>
    <subfield code="f">IOP:UCP</subfield>
    <subfield code="b">&lt;reference type="journal"&gt;&lt;ref_citation&gt;Ghisellini, G., Ghirlanda, G., __amp__amp; Tavecchio, F. 2007, MNRAS, 382, L77&lt;/ref_citation&gt;&lt;ref_authors&gt;Ghisellini, G., Ghirlanda, G., __amp__amp; Tavecchio, F.&lt;/ref_authors&gt;&lt;ref_journal&gt;MNRAS&lt;/ref_journal&gt;&lt;ref_issn&gt;0035-8711&lt;/ref_issn&gt;&lt;ref_volume&gt;382&lt;/ref_volume&gt;&lt;ref_year&gt;2007&lt;/ref_year&gt;&lt;ref_start_page&gt;L77&lt;/ref_start_page&gt;&lt;/reference&gt;</subfield>
  </datafield>
  <datafield tag="999" ind1="C" ind2="5">
    <subfield code="o">[26]</subfield>
    <subfield code="i">2006MNRAS.367..454H</subfield>
    <subfield code="e">1</subfield>
    <subfield code="f">IOP:UCP</subfield>
    <subfield code="b">&lt;reference type="journal"&gt;&lt;ref_citation&gt;Hewett, P. C., Warren, S. J., Leggett, S. K., __amp__amp; Hodgkin, S. T. 2006, MNRAS, 367, 454&lt;/ref_citation&gt;&lt;ref_doi&gt;10.1111/j.1365-2966.2005.09969.x&lt;/ref_doi&gt;&lt;ref_authors&gt;Hewett, P. C., Warren, S. J., Leggett, S. K., __amp__amp; Hodgkin, S. T.&lt;/ref_authors&gt;&lt;ref_journal&gt;MNRAS&lt;/ref_journal&gt;&lt;ref_issn&gt;0035-8711&lt;/ref_issn&gt;&lt;ref_volume&gt;367&lt;/ref_volume&gt;&lt;ref_year&gt;2006&lt;/ref_year&gt;&lt;ref_start_page&gt;454&lt;/ref_start_page&gt;&lt;/reference&gt;</subfield>
  </datafield>
  <datafield tag="999" ind1="C" ind2="5">
    <subfield code="o">[27]</subfield>
    <subfield code="i">2007AIPC..937..391H</subfield>
    <subfield code="e">1</subfield>
    <subfield code="f">IOP:UCP</subfield>
    <subfield code="b">&lt;reference type="book"&gt;&lt;ref_citation&gt;Holland, S. T., Immler, S., Brown, P. J., Roming, P. W. A., Vanden Berk, D., __amp__amp; Milne, P. A. 2007, SUPERNOVA 1987A: 20 YEARS AFTER: Supernovae and Gamma-Ray Bursters (AIP Conf. Proc. 937), ed. S. Immler, __amp__amp; K. Weiler (New York: AIP), 391&lt;/ref_citation&gt;&lt;ref_authors&gt;Holland, S. T., Immler, S., Brown, P. J., Roming, P. W. A., Vanden Berk, D., __amp__amp; Milne, P. A.&lt;/ref_authors&gt;&lt;ref_journal&gt;SUPERNOVA 1987A: 20 YEARS AFTER: Supernovae and Gamma-Ray Bursters&lt;/ref_journal&gt;&lt;ref_year&gt;2007&lt;/ref_year&gt;&lt;ref_start_page&gt;391&lt;/ref_start_page&gt;&lt;/reference&gt;</subfield>
  </datafield>
  <datafield tag="999" ind1="C" ind2="5">
    <subfield code="o">[28]</subfield>
    <subfield code="i">1974PASP...86..296H</subfield>
    <subfield code="e">1</subfield>
    <subfield code="f">IOP:UCP</subfield>
    <subfield code="b">&lt;reference type="journal"&gt;&lt;ref_citation&gt;Holm, A. V., Wu, C., __amp__amp; Caldwell, J. J. 1974, PASP, 86, 296&lt;/ref_citation&gt;&lt;ref_doi&gt;10.1086/129604&lt;/ref_doi&gt;&lt;ref_authors&gt;Holm, A. V., Wu, C., __amp__amp; Caldwell, J. J.&lt;/ref_authors&gt;&lt;ref_journal&gt;PASP&lt;/ref_journal&gt;&lt;ref_volume&gt;86&lt;/ref_volume&gt;&lt;ref_year&gt;1974&lt;/ref_year&gt;&lt;ref_start_page&gt;296&lt;/ref_start_page&gt;&lt;/reference&gt;</subfield>
  </datafield>
  <datafield tag="999" ind1="C" ind2="5">
    <subfield code="o">[29]</subfield>
    <subfield code="i">2005ApJ...632..283I</subfield>
    <subfield code="e">1</subfield>
    <subfield code="f">IOP:UCP</subfield>
    <subfield code="b">&lt;reference type="journal"&gt;&lt;ref_citation&gt;Immler, S. et al. 2005, ApJ, 632, 283&lt;/ref_citation&gt;&lt;ref_doi&gt;10.1086/432869&lt;/ref_doi&gt;&lt;ref_authors&gt;Immler, S. et al.&lt;/ref_authors&gt;&lt;ref_journal&gt;ApJ&lt;/ref_journal&gt;&lt;ref_issn&gt;0004-637X&lt;/ref_issn&gt;&lt;ref_volume&gt;632&lt;/ref_volume&gt;&lt;ref_artnum&gt;283&lt;/ref_artnum&gt;&lt;ref_year&gt;2005&lt;/ref_year&gt;&lt;ref_start_page&gt;283&lt;/ref_start_page&gt;&lt;/reference&gt;</subfield>
  </datafield>
  <datafield tag="999" ind1="C" ind2="5">
    <subfield code="o">[30]</subfield>
    <subfield code="i">2006ApJ...648L.119I</subfield>
    <subfield code="e">1</subfield>
    <subfield code="f">IOP:UCP</subfield>
    <subfield code="b">&lt;reference type="journal"&gt;&lt;ref_citation&gt;Immler, S. et al. 2006, ApJ, 648, L119&lt;/ref_citation&gt;&lt;ref_doi&gt;10.1086/507947&lt;/ref_doi&gt;&lt;ref_authors&gt;Immler, S. et al.&lt;/ref_authors&gt;&lt;ref_journal&gt;ApJ&lt;/ref_journal&gt;&lt;ref_issn&gt;1538-4357&lt;/ref_issn&gt;&lt;ref_volume&gt;648&lt;/ref_volume&gt;&lt;ref_artnum&gt;L119&lt;/ref_artnum&gt;&lt;ref_year&gt;2006&lt;/ref_year&gt;&lt;ref_start_page&gt;L119&lt;/ref_start_page&gt;&lt;/reference&gt;</subfield>
  </datafield>
  <datafield tag="999" ind1="C" ind2="5">
    <subfield code="o">[31]</subfield>
    <subfield code="i">2007ApJ...664..435I</subfield>
    <subfield code="e">1</subfield>
    <subfield code="f">IOP:UCP</subfield>
    <subfield code="b">&lt;reference type="journal"&gt;&lt;ref_citation&gt;Immler, S. et al. 2007, ApJ, 664, 435&lt;/ref_citation&gt;&lt;ref_doi&gt;10.1086/518466&lt;/ref_doi&gt;&lt;ref_authors&gt;Immler, S. et al.&lt;/ref_authors&gt;&lt;ref_journal&gt;ApJ&lt;/ref_journal&gt;&lt;ref_issn&gt;0004-637X&lt;/ref_issn&gt;&lt;ref_volume&gt;664&lt;/ref_volume&gt;&lt;ref_artnum&gt;435&lt;/ref_artnum&gt;&lt;ref_year&gt;2007&lt;/ref_year&gt;&lt;ref_start_page&gt;435&lt;/ref_start_page&gt;&lt;/reference&gt;</subfield>
  </datafield>
  <datafield tag="999" ind1="C" ind2="5">
    <subfield code="o">[32]</subfield>
    <subfield code="i">2008ApJ...674L..85I</subfield>
    <subfield code="e">1</subfield>
    <subfield code="f">IOP:UCP</subfield>
    <subfield code="b">&lt;reference type="journal"&gt;&lt;ref_citation&gt;Immler, S. et al. 2008a, ApJL, 674, 85&lt;/ref_citation&gt;&lt;ref_doi&gt;10.1086/529373&lt;/ref_doi&gt;&lt;ref_authors&gt;Immler, S. et al.&lt;/ref_authors&gt;&lt;ref_journal&gt;ApJL&lt;/ref_journal&gt;&lt;ref_issn&gt;0004-637X&lt;/ref_issn&gt;&lt;ref_volume&gt;674&lt;/ref_volume&gt;&lt;ref_year&gt;2008&lt;/ref_year&gt;&lt;ref_start_page&gt;85&lt;/ref_start_page&gt;&lt;/reference&gt;</subfield>
  </datafield>
  <datafield tag="999" ind1="C" ind2="5">
    <subfield code="o">[33]</subfield>
    <subfield code="i">2007ATel.1290....1I</subfield>
    <subfield code="e">1</subfield>
    <subfield code="f">IOP:UCP</subfield>
    <subfield code="b">&lt;reference type="journal"&gt;&lt;ref_citation&gt;Immler, S., Brown, P. J., Filippenko, A. V., __amp__amp; Pooley, D. 2008b, ATEL, 1290&lt;/ref_citation&gt;&lt;ref_authors&gt;Immler, S., Brown, P. J., Filippenko, A. V., __amp__amp; Pooley, D.&lt;/ref_authors&gt;&lt;ref_journal&gt;ATEL&lt;/ref_journal&gt;&lt;ref_year&gt;2008&lt;/ref_year&gt;&lt;ref_start_page&gt;1290&lt;/ref_start_page&gt;&lt;/reference&gt;</subfield>
  </datafield>
  <datafield tag="999" ind1="C" ind2="5">
    <subfield code="o">[34]</subfield>
    <subfield code="i">1994ApJ...421L..27J</subfield>
    <subfield code="e">1</subfield>
    <subfield code="f">IOP:UCP</subfield>
    <subfield code="b">&lt;reference type="journal"&gt;&lt;ref_citation&gt;Jeffery, D. J. et al. 1994, AJ, 421, L27&lt;/ref_citation&gt;&lt;ref_doi&gt;10.1086/187179&lt;/ref_doi&gt;&lt;ref_authors&gt;Jeffery, D. J. et al.&lt;/ref_authors&gt;&lt;ref_journal&gt;AJ&lt;/ref_journal&gt;&lt;ref_volume&gt;421&lt;/ref_volume&gt;&lt;ref_year&gt;1994&lt;/ref_year&gt;&lt;ref_start_page&gt;L27&lt;/ref_start_page&gt;&lt;/reference&gt;</subfield>
  </datafield>
  <datafield tag="999" ind1="C" ind2="5">
    <subfield code="o">[35]</subfield>
    <subfield code="i">2006AJ....132..756J</subfield>
    <subfield code="e">1</subfield>
    <subfield code="f">IOP:UCP</subfield>
    <subfield code="b">&lt;reference type="journal"&gt;&lt;ref_citation&gt;Johnson, B. D. __amp__amp; Crotts, A. P. A. 2006, AJ, 132, 756&lt;/ref_citation&gt;&lt;ref_doi&gt;10.1086/503528&lt;/ref_doi&gt;&lt;ref_authors&gt;Johnson, B. D. __amp__amp; Crotts, A. P. A.&lt;/ref_authors&gt;&lt;ref_journal&gt;AJ&lt;/ref_journal&gt;&lt;ref_issn&gt;1538-3881&lt;/ref_issn&gt;&lt;ref_volume&gt;132&lt;/ref_volume&gt;&lt;ref_artnum&gt;756&lt;/ref_artnum&gt;&lt;ref_year&gt;2006&lt;/ref_year&gt;&lt;ref_start_page&gt;756&lt;/ref_start_page&gt;&lt;/reference&gt;</subfield>
  </datafield>
  <datafield tag="999" ind1="C" ind2="5">
    <subfield code="o">[36]</subfield>
    <subfield code="i">2008ApJ...683L..29K</subfield>
    <subfield code="e">1</subfield>
    <subfield code="f">IOP:UCP</subfield>
    <subfield code="b">&lt;reference type="journal"&gt;&lt;ref_citation&gt;Kasliwal, M. 2008, ApJ, 683, L29&lt;/ref_citation&gt;&lt;ref_doi&gt;10.1086/591521&lt;/ref_doi&gt;&lt;ref_authors&gt;Kasliwal, M.&lt;/ref_authors&gt;&lt;ref_journal&gt;ApJ&lt;/ref_journal&gt;&lt;ref_issn&gt;1538-4357&lt;/ref_issn&gt;&lt;ref_volume&gt;683&lt;/ref_volume&gt;&lt;ref_artnum&gt;L29&lt;/ref_artnum&gt;&lt;ref_year&gt;2008&lt;/ref_year&gt;&lt;ref_start_page&gt;L29&lt;/ref_start_page&gt;&lt;/reference&gt;</subfield>
  </datafield>
  <datafield tag="999" ind1="C" ind2="5">
    <subfield code="o">[37]</subfield>
    <subfield code="i">1987ApJ...320..602K</subfield>
    <subfield code="e">1</subfield>
    <subfield code="f">IOP:UCP</subfield>
    <subfield code="b">&lt;reference type="journal"&gt;&lt;ref_citation&gt;Kirshner, R. P., Sonneborn, G., Crenshaw, D. M., __amp__amp; Nassiopoulous, G. E. 1987, ApJ, 320, 602&lt;/ref_citation&gt;&lt;ref_doi&gt;10.1086/165579&lt;/ref_doi&gt;&lt;ref_authors&gt;Kirshner, R. P., Sonneborn, G., Crenshaw, D. M., __amp__amp; Nassiopoulous, G. E.&lt;/ref_authors&gt;&lt;ref_journal&gt;ApJ&lt;/ref_journal&gt;&lt;ref_volume&gt;320&lt;/ref_volume&gt;&lt;ref_year&gt;1987&lt;/ref_year&gt;&lt;ref_start_page&gt;602&lt;/ref_start_page&gt;&lt;/reference&gt;</subfield>
  </datafield>
  <datafield tag="999" ind1="C" ind2="5">
    <subfield code="o">[38]</subfield>
    <subfield code="i">1993ApJ...415..589K</subfield>
    <subfield code="e">1</subfield>
    <subfield code="f">IOP:UCP</subfield>
    <subfield code="b">&lt;reference type="journal"&gt;&lt;ref_citation&gt;Kirshner, R. P. et al. 1993, ApJ, 415, 589&lt;/ref_citation&gt;&lt;ref_doi&gt;10.1086/173188&lt;/ref_doi&gt;&lt;ref_authors&gt;Kirshner, R. P. et al.&lt;/ref_authors&gt;&lt;ref_journal&gt;ApJ&lt;/ref_journal&gt;&lt;ref_volume&gt;415&lt;/ref_volume&gt;&lt;ref_year&gt;1993&lt;/ref_year&gt;&lt;ref_start_page&gt;589&lt;/ref_start_page&gt;&lt;/reference&gt;</subfield>
  </datafield>
  <datafield tag="999" ind1="C" ind2="5">
    <subfield code="o">[39]</subfield>
    <subfield code="i">2007ApJ...659..530K</subfield>
    <subfield code="e">1</subfield>
    <subfield code="f">IOP:UCP</subfield>
    <subfield code="b">&lt;reference type="journal"&gt;&lt;ref_citation&gt;Kuznetsova, N. V. __amp__amp; Connolly, B. M. 2007, ApJ, 659, 530&lt;/ref_citation&gt;&lt;ref_doi&gt;10.1086/511814&lt;/ref_doi&gt;&lt;ref_authors&gt;Kuznetsova, N. V. __amp__amp; Connolly, B. M.&lt;/ref_authors&gt;&lt;ref_journal&gt;ApJ&lt;/ref_journal&gt;&lt;ref_issn&gt;0004-637X&lt;/ref_issn&gt;&lt;ref_volume&gt;659&lt;/ref_volume&gt;&lt;ref_artnum&gt;530&lt;/ref_artnum&gt;&lt;ref_year&gt;2007&lt;/ref_year&gt;&lt;ref_start_page&gt;530&lt;/ref_start_page&gt;&lt;/reference&gt;</subfield>
  </datafield>
  <datafield tag="999" ind1="C" ind2="5">
    <subfield code="o">[40]</subfield>
    <subfield code="i">2000ApJ...530..966L</subfield>
    <subfield code="e">1</subfield>
    <subfield code="f">IOP:UCP</subfield>
    <subfield code="b">&lt;reference type="journal"&gt;&lt;ref_citation&gt;Lentz, E. J., Baron, E., Branch, D., Haushildt, P. H., __amp__amp; Nugent, P. E. 2000, ApJ, 530, 966&lt;/ref_citation&gt;&lt;ref_doi&gt;10.1086/308400&lt;/ref_doi&gt;&lt;ref_authors&gt;Lentz, E. J., Baron, E., Branch, D., Haushildt, P. H., __amp__amp; Nugent, P. E.&lt;/ref_authors&gt;&lt;ref_journal&gt;ApJ&lt;/ref_journal&gt;&lt;ref_issn&gt;0004-637X&lt;/ref_issn&gt;&lt;ref_volume&gt;530&lt;/ref_volume&gt;&lt;ref_artnum&gt;966&lt;/ref_artnum&gt;&lt;ref_year&gt;2000&lt;/ref_year&gt;&lt;ref_start_page&gt;966&lt;/ref_start_page&gt;&lt;/reference&gt;</subfield>
  </datafield>
  <datafield tag="999" ind1="C" ind2="5">
    <subfield code="o">[41]</subfield>
    <subfield code="i">2006PASP..118...37L</subfield>
    <subfield code="e">1</subfield>
    <subfield code="f">IOP:UCP</subfield>
    <subfield code="b">&lt;reference type="journal"&gt;&lt;ref_citation&gt;Li, W., Jha, S., Filippenko, A. V., Bloom, J. S., Pooley, D., Foley, R. J., __amp__amp; Perley, D. A. 2006, PASP, 118, 37&lt;/ref_citation&gt;&lt;ref_doi&gt;10.1086/498356&lt;/ref_doi&gt;&lt;ref_authors&gt;Li, W., Jha, S., Filippenko, A. V., Bloom, J. S., Pooley, D., Foley, R. J., __amp__amp; Perley, D. A.&lt;/ref_authors&gt;&lt;ref_journal&gt;PASP&lt;/ref_journal&gt;&lt;ref_volume&gt;118&lt;/ref_volume&gt;&lt;ref_year&gt;2006&lt;/ref_year&gt;&lt;ref_start_page&gt;37&lt;/ref_start_page&gt;&lt;/reference&gt;</subfield>
  </datafield>
  <datafield tag="999" ind1="C" ind2="5">
    <subfield code="o">[42]</subfield>
    <subfield code="i">1990SvA....34..239L</subfield>
    <subfield code="e">1</subfield>
    <subfield code="f">IOP:UCP</subfield>
    <subfield code="b">&lt;reference type="journal"&gt;&lt;ref_citation&gt;Lyubimkov, L. S. 1990, SvA, 34, 239&lt;/ref_citation&gt;&lt;ref_authors&gt;Lyubimkov, L. S.&lt;/ref_authors&gt;&lt;ref_journal&gt;SvA&lt;/ref_journal&gt;&lt;ref_issn&gt;1082-4774&lt;/ref_issn&gt;&lt;ref_volume&gt;34&lt;/ref_volume&gt;&lt;ref_year&gt;1990&lt;/ref_year&gt;&lt;ref_start_page&gt;239&lt;/ref_start_page&gt;&lt;/reference&gt;</subfield>
  </datafield>
  <datafield tag="999" ind1="C" ind2="5">
    <subfield code="o">[43]</subfield>
    <subfield code="i">2009ApJ...690.1303M</subfield>
    <subfield code="e">1</subfield>
    <subfield code="f">IOP:UCP</subfield>
    <subfield code="b">&lt;reference type="journal"&gt;&lt;ref_citation&gt;Miller, A. A. et al. 2009, ApJ, 690, 1303&lt;/ref_citation&gt;&lt;ref_doi&gt;10.1088/0004-637X/690/2/1303&lt;/ref_doi&gt;&lt;ref_authors&gt;Miller, A. A. et al.&lt;/ref_authors&gt;&lt;ref_journal&gt;ApJ&lt;/ref_journal&gt;&lt;ref_issn&gt;0004-637X&lt;/ref_issn&gt;&lt;ref_volume&gt;690&lt;/ref_volume&gt;&lt;ref_artnum&gt;1303&lt;/ref_artnum&gt;&lt;ref_year&gt;2009&lt;/ref_year&gt;&lt;ref_start_page&gt;1303&lt;/ref_start_page&gt;&lt;/reference&gt;</subfield>
  </datafield>
  <datafield tag="999" ind1="C" ind2="5">
    <subfield code="o">[44]</subfield>
    <subfield code="i">2007AIPC..937..303M</subfield>
    <subfield code="e">1</subfield>
    <subfield code="f">IOP:UCP</subfield>
    <subfield code="b">&lt;reference type="book"&gt;&lt;ref_citation&gt;Milne, P. A., Brown, P. J., Holland, S. T., Roming, P. W. A., __amp__amp; Immler, S. 2007, SUPERNOVA 1987A: 20 YEARS AFTER: Supernovae and Gamma-Ray Bursters (AIP Conf. Proc. 937), ed. S. Immler __amp__amp; K. Weiler (New York: AIP), 303&lt;/ref_citation&gt;&lt;ref_authors&gt;Milne, P. A., Brown, P. J., Holland, S. T., Roming, P. W. A., __amp__amp; Immler, S.&lt;/ref_authors&gt;&lt;ref_journal&gt;SUPERNOVA 1987A: 20 YEARS AFTER: Supernovae and Gamma-Ray Bursters&lt;/ref_journal&gt;&lt;ref_year&gt;2007&lt;/ref_year&gt;&lt;ref_start_page&gt;303&lt;/ref_start_page&gt;&lt;/reference&gt;</subfield>
  </datafield>
  <datafield tag="999" ind1="C" ind2="5">
    <subfield code="o">[45]</subfield>
    <subfield code="i">2006ApJ...645L..21M</subfield>
    <subfield code="e">1</subfield>
    <subfield code="f">IOP:UCP</subfield>
    <subfield code="b">&lt;reference type="journal"&gt;&lt;ref_citation&gt;Modjaz, M. et al. 2006, ApJL, 645, 21&lt;/ref_citation&gt;&lt;ref_doi&gt;10.1086/505906&lt;/ref_doi&gt;&lt;ref_authors&gt;Modjaz, M. et al.&lt;/ref_authors&gt;&lt;ref_journal&gt;ApJL&lt;/ref_journal&gt;&lt;ref_issn&gt;0004-637X&lt;/ref_issn&gt;&lt;ref_volume&gt;645&lt;/ref_volume&gt;&lt;ref_year&gt;2006&lt;/ref_year&gt;&lt;ref_start_page&gt;21&lt;/ref_start_page&gt;&lt;/reference&gt;</subfield>
  </datafield>
  <datafield tag="999" ind1="C" ind2="5">
    <subfield code="o">[46]</subfield>
    <subfield code="i">2008arXiv0805.2201M</subfield>
    <subfield code="r">arxiv: 0805.2201</subfield>
    <subfield code="e">1</subfield>
    <subfield code="f">IOP:UCP</subfield>
    <subfield code="b">&lt;reference type="journal"&gt;&lt;ref_citation&gt;Modjaz, M. et al. 2008, ApJ, submitted (arXiv:0805.2201)&lt;/ref_citation&gt;&lt;ref_authors&gt;Modjaz, M. et al.&lt;/ref_authors&gt;&lt;ref_year&gt;2008&lt;/ref_year&gt;&lt;/reference&gt;</subfield>
  </datafield>
  <datafield tag="999" ind1="C" ind2="5">
    <subfield code="o">[47]</subfield>
    <subfield code="i">1997ApJ...485..812N</subfield>
    <subfield code="e">1</subfield>
    <subfield code="f">IOP:UCP</subfield>
    <subfield code="b">&lt;reference type="journal"&gt;&lt;ref_citation&gt;Nugent, P. et al. 1997, ApJ, 485, 812&lt;/ref_citation&gt;&lt;ref_doi&gt;10.1086/304459&lt;/ref_doi&gt;&lt;ref_authors&gt;Nugent, P. et al.&lt;/ref_authors&gt;&lt;ref_journal&gt;ApJ&lt;/ref_journal&gt;&lt;ref_issn&gt;0004-637X&lt;/ref_issn&gt;&lt;ref_volume&gt;485&lt;/ref_volume&gt;&lt;ref_artnum&gt;812&lt;/ref_artnum&gt;&lt;ref_year&gt;1997&lt;/ref_year&gt;&lt;ref_start_page&gt;812&lt;/ref_start_page&gt;&lt;/reference&gt;</subfield>
  </datafield>
  <datafield tag="999" ind1="C" ind2="5">
    <subfield code="o">[48]</subfield>
    <subfield code="i">2008arXiv0801.2039P</subfield>
    <subfield code="r">arxiv: 0801.2039</subfield>
    <subfield code="e">1</subfield>
    <subfield code="f">IOP:UCP</subfield>
    <subfield code="b">&lt;reference type="journal"&gt;&lt;ref_citation&gt;Pagano, I. et al. 2008, arXiv:0801.2039&lt;/ref_citation&gt;&lt;ref_authors&gt;Pagano, I. et al.&lt;/ref_authors&gt;&lt;ref_year&gt;2008&lt;/ref_year&gt;&lt;/reference&gt;</subfield>
  </datafield>
  <datafield tag="999" ind1="C" ind2="5">
    <subfield code="o">[49]</subfield>
    <subfield code="i">1982ESASP.176...31P</subfield>
    <subfield code="e">1</subfield>
    <subfield code="f">IOP:UCP</subfield>
    <subfield code="b">&lt;reference type="conference"&gt;&lt;ref_citation&gt;Panagia, N. 1982, Proc. 3rd European IUE Conf. (ESA SP-176; Noordwijk: ESA Publications Division), 31&lt;/ref_citation&gt;&lt;ref_authors&gt;Panagia, N.&lt;/ref_authors&gt;&lt;ref_year&gt;1982&lt;/ref_year&gt;&lt;ref_start_page&gt;31&lt;/ref_start_page&gt;&lt;/reference&gt;</subfield>
  </datafield>
  <datafield tag="999" ind1="C" ind2="5">
    <subfield code="o">[50]</subfield>
    <subfield code="i">2003LNP...598..113P</subfield>
    <subfield code="e">1</subfield>
    <subfield code="f">IOP:UCP</subfield>
    <subfield code="b">&lt;reference type="book"&gt;&lt;ref_citation&gt;Panagia, N. 2003, Supernovae and Gamma-Ray Bursters (Lecture Notes in Physics Vol. 598), ed. K. Weiler (Berlin: Springer), 113&lt;/ref_citation&gt;&lt;ref_doi&gt;10.1007/3-540-45863-8_8&lt;/ref_doi&gt;&lt;ref_authors&gt;Panagia, N.&lt;/ref_authors&gt;&lt;ref_journal&gt;Supernovae and Gamma-Ray Bursters&lt;/ref_journal&gt;&lt;ref_year&gt;2003&lt;/ref_year&gt;&lt;ref_start_page&gt;113&lt;/ref_start_page&gt;&lt;/reference&gt;</subfield>
  </datafield>
  <datafield tag="999" ind1="C" ind2="5">
    <subfield code="o">[51]</subfield>
    <subfield code="i">1980MNRAS.192..861P</subfield>
    <subfield code="e">1</subfield>
    <subfield code="f">IOP:UCP</subfield>
    <subfield code="b">&lt;reference type="journal"&gt;&lt;ref_citation&gt;Panagia, N. et al. 1980, MNRAS, 192, 861&lt;/ref_citation&gt;&lt;ref_authors&gt;Panagia, N. et al.&lt;/ref_authors&gt;&lt;ref_journal&gt;MNRAS&lt;/ref_journal&gt;&lt;ref_issn&gt;0035-8711&lt;/ref_issn&gt;&lt;ref_volume&gt;192&lt;/ref_volume&gt;&lt;ref_year&gt;1980&lt;/ref_year&gt;&lt;ref_start_page&gt;861&lt;/ref_start_page&gt;&lt;/reference&gt;</subfield>
  </datafield>
  <datafield tag="999" ind1="C" ind2="5">
    <subfield code="o">[52]</subfield>
    <subfield code="i">2008MNRAS.389..113P</subfield>
    <subfield code="e">1</subfield>
    <subfield code="f">IOP:UCP</subfield>
    <subfield code="b">&lt;reference type="journal"&gt;&lt;ref_citation&gt;Pastorello, A. et al. 2008, MNRAS, 389, 113&lt;/ref_citation&gt;&lt;ref_doi&gt;10.1111/j.1365-2966.2008.13602.x&lt;/ref_doi&gt;&lt;ref_authors&gt;Pastorello, A. et al.&lt;/ref_authors&gt;&lt;ref_journal&gt;MNRAS&lt;/ref_journal&gt;&lt;ref_issn&gt;0035-8711&lt;/ref_issn&gt;&lt;ref_volume&gt;389&lt;/ref_volume&gt;&lt;ref_year&gt;2008&lt;/ref_year&gt;&lt;ref_start_page&gt;113&lt;/ref_start_page&gt;&lt;/reference&gt;</subfield>
  </datafield>
  <datafield tag="999" ind1="C" ind2="5">
    <subfield code="o">[53]</subfield>
    <subfield code="i">2007PASP..119..360P</subfield>
    <subfield code="e">1</subfield>
    <subfield code="f">IOP:UCP</subfield>
    <subfield code="b">&lt;reference type="journal"&gt;&lt;ref_citation&gt;Phillips, M. M. et al. 2007, PASP, 119, 360&lt;/ref_citation&gt;&lt;ref_doi&gt;10.1086/518372&lt;/ref_doi&gt;&lt;ref_authors&gt;Phillips, M. M. et al.&lt;/ref_authors&gt;&lt;ref_journal&gt;PASP&lt;/ref_journal&gt;&lt;ref_volume&gt;119&lt;/ref_volume&gt;&lt;ref_year&gt;2007&lt;/ref_year&gt;&lt;ref_start_page&gt;360&lt;/ref_start_page&gt;&lt;/reference&gt;</subfield>
  </datafield>
  <datafield tag="999" ind1="C" ind2="5">
    <subfield code="o">[54]</subfield>
    <subfield code="i">2006Natur.442.1011P</subfield>
    <subfield code="e">1</subfield>
    <subfield code="f">IOP:UCP</subfield>
    <subfield code="b">&lt;reference type="journal"&gt;&lt;ref_citation&gt;Pian, E. et al. 2006, Nature, 442, 1011&lt;/ref_citation&gt;&lt;ref_doi&gt;10.1038/nature05082&lt;/ref_doi&gt;&lt;ref_authors&gt;Pian, E. et al.&lt;/ref_authors&gt;&lt;ref_journal&gt;Nature&lt;/ref_journal&gt;&lt;ref_volume&gt;442&lt;/ref_volume&gt;&lt;ref_year&gt;2006&lt;/ref_year&gt;&lt;ref_start_page&gt;1011&lt;/ref_start_page&gt;&lt;/reference&gt;</subfield>
  </datafield>
  <datafield tag="999" ind1="C" ind2="5">
    <subfield code="o">[55]</subfield>
    <subfield code="i">2008MNRAS.383..627P</subfield>
    <subfield code="e">1</subfield>
    <subfield code="f">IOP:UCP</subfield>
    <subfield code="b">&lt;reference type="journal"&gt;&lt;ref_citation&gt;Poole, T. et al. 2008, MNRAS, 383, 627&lt;/ref_citation&gt;&lt;ref_authors&gt;Poole, T. et al.&lt;/ref_authors&gt;&lt;ref_journal&gt;MNRAS&lt;/ref_journal&gt;&lt;ref_issn&gt;0035-8711&lt;/ref_issn&gt;&lt;ref_volume&gt;383&lt;/ref_volume&gt;&lt;ref_year&gt;2008&lt;/ref_year&gt;&lt;ref_start_page&gt;627&lt;/ref_start_page&gt;&lt;/reference&gt;</subfield>
  </datafield>
  <datafield tag="999" ind1="C" ind2="5">
    <subfield code="o">[56]</subfield>
    <subfield code="i">2002PASP..114..833P</subfield>
    <subfield code="e">1</subfield>
    <subfield code="f">IOP:UCP</subfield>
    <subfield code="b">&lt;reference type="journal"&gt;&lt;ref_citation&gt;Poznanski, D., Gal-Yam, A., Maoz, D., Filippenko, A. V., Leonard, D. C., __amp__amp; Matheson, T. 2002, PASP, 114, 833&lt;/ref_citation&gt;&lt;ref_doi&gt;10.1086/341741&lt;/ref_doi&gt;&lt;ref_authors&gt;Poznanski, D., Gal-Yam, A., Maoz, D., Filippenko, A. V., Leonard, D. C., __amp__amp; Matheson, T.&lt;/ref_authors&gt;&lt;ref_journal&gt;PASP&lt;/ref_journal&gt;&lt;ref_volume&gt;114&lt;/ref_volume&gt;&lt;ref_year&gt;2002&lt;/ref_year&gt;&lt;ref_start_page&gt;833&lt;/ref_start_page&gt;&lt;/reference&gt;</subfield>
  </datafield>
  <datafield tag="999" ind1="C" ind2="5">
    <subfield code="o">[57]</subfield>
    <subfield code="i">2007AJ....134.1285P</subfield>
    <subfield code="e">1</subfield>
    <subfield code="f">IOP:UCP</subfield>
    <subfield code="b">&lt;reference type="journal"&gt;&lt;ref_citation&gt;Poznanski, D. __amp__amp; Maoz, D. 2007, AJ, 134, 1285&lt;/ref_citation&gt;&lt;ref_doi&gt;10.1086/520956&lt;/ref_doi&gt;&lt;ref_authors&gt;Poznanski, D. __amp__amp; Maoz, D.&lt;/ref_authors&gt;&lt;ref_journal&gt;AJ&lt;/ref_journal&gt;&lt;ref_issn&gt;1538-3881&lt;/ref_issn&gt;&lt;ref_volume&gt;134&lt;/ref_volume&gt;&lt;ref_artnum&gt;1285&lt;/ref_artnum&gt;&lt;ref_year&gt;2007&lt;/ref_year&gt;&lt;ref_start_page&gt;1285&lt;/ref_start_page&gt;&lt;/reference&gt;</subfield>
  </datafield>
  <datafield tag="999" ind1="C" ind2="5">
    <subfield code="o">[58]</subfield>
    <subfield code="i">1967SvA....11...63P</subfield>
    <subfield code="e">1</subfield>
    <subfield code="f">IOP:UCP</subfield>
    <subfield code="b">&lt;reference type="journal"&gt;&lt;ref_citation&gt;Pskovskii, U. P. 1967, SvA, 11, 63&lt;/ref_citation&gt;&lt;ref_authors&gt;Pskovskii, U. P.&lt;/ref_authors&gt;&lt;ref_journal&gt;SvA&lt;/ref_journal&gt;&lt;ref_issn&gt;1082-4774&lt;/ref_issn&gt;&lt;ref_volume&gt;11&lt;/ref_volume&gt;&lt;ref_year&gt;1967&lt;/ref_year&gt;&lt;ref_start_page&gt;63&lt;/ref_start_page&gt;&lt;/reference&gt;</subfield>
  </datafield>
  <datafield tag="999" ind1="C" ind2="5">
    <subfield code="o">[59]</subfield>
    <subfield code="i">1995ApJS...99..223P</subfield>
    <subfield code="e">1</subfield>
    <subfield code="f">IOP:UCP</subfield>
    <subfield code="b">&lt;reference type="journal"&gt;&lt;ref_citation&gt;Pun, C. S. J. et al. 1995, ApJS, 99, 223&lt;/ref_citation&gt;&lt;ref_doi&gt;10.1086/192185&lt;/ref_doi&gt;&lt;ref_authors&gt;Pun, C. S. J. et al.&lt;/ref_authors&gt;&lt;ref_journal&gt;ApJS&lt;/ref_journal&gt;&lt;ref_issn&gt;0067-0049&lt;/ref_issn&gt;&lt;ref_volume&gt;99&lt;/ref_volume&gt;&lt;ref_year&gt;1995&lt;/ref_year&gt;&lt;ref_start_page&gt;223&lt;/ref_start_page&gt;&lt;/reference&gt;</subfield>
  </datafield>
  <datafield tag="999" ind1="C" ind2="5">
    <subfield code="o">[60]</subfield>
    <subfield code="i">2004ApJ...600L.163R</subfield>
    <subfield code="e">1</subfield>
    <subfield code="f">IOP:UCP</subfield>
    <subfield code="b">&lt;reference type="journal"&gt;&lt;ref_citation&gt;Riess, A. G. et al. 2004, ApJ, 600, L163&lt;/ref_citation&gt;&lt;ref_doi&gt;10.1086/378311&lt;/ref_doi&gt;&lt;ref_authors&gt;Riess, A. G. et al.&lt;/ref_authors&gt;&lt;ref_journal&gt;ApJ&lt;/ref_journal&gt;&lt;ref_issn&gt;1538-4357&lt;/ref_issn&gt;&lt;ref_volume&gt;600&lt;/ref_volume&gt;&lt;ref_artnum&gt;L163&lt;/ref_artnum&gt;&lt;ref_year&gt;2004&lt;/ref_year&gt;&lt;ref_start_page&gt;L163&lt;/ref_start_page&gt;&lt;/reference&gt;</subfield>
  </datafield>
  <datafield tag="999" ind1="C" ind2="5">
    <subfield code="o">[61]</subfield>
    <subfield code="i">2005SSRv..120...95R</subfield>
    <subfield code="e">1</subfield>
    <subfield code="f">IOP:UCP</subfield>
    <subfield code="b">&lt;reference type="journal"&gt;&lt;ref_citation&gt;Roming, P. W. A. et al. 2005, Space Sci. Rev., 120, 95&lt;/ref_citation&gt;&lt;ref_doi&gt;10.1007/s11214-005-5095-4&lt;/ref_doi&gt;&lt;ref_authors&gt;Roming, P. W. A. et al.&lt;/ref_authors&gt;&lt;ref_journal&gt;Space Sci. Rev.&lt;/ref_journal&gt;&lt;ref_issn&gt;0038-6308&lt;/ref_issn&gt;&lt;ref_volume&gt;120&lt;/ref_volume&gt;&lt;ref_year&gt;2005&lt;/ref_year&gt;&lt;ref_start_page&gt;95&lt;/ref_start_page&gt;&lt;/reference&gt;</subfield>
  </datafield>
  <datafield tag="999" ind1="C" ind2="5">
    <subfield code="o">[62]</subfield>
    <subfield code="i">2008Ap&amp;amp;SS.318....1S</subfield>
    <subfield code="e">1</subfield>
    <subfield code="f">IOP:UCP</subfield>
    <subfield code="b">&lt;reference type="journal"&gt;&lt;ref_citation&gt;Safonova, M., Sivaram, C., __amp__amp; Murthy, J. 2008, Ap__amp__amp;SS, 318, 1&lt;/ref_citation&gt;&lt;ref_doi&gt;10.1007/s10509-008-9900-x&lt;/ref_doi&gt;&lt;ref_authors&gt;Safonova, M., Sivaram, C., __amp__amp; Murthy, J.&lt;/ref_authors&gt;&lt;ref_journal&gt;Ap__amp__amp;SS&lt;/ref_journal&gt;&lt;ref_issn&gt;0004-640X&lt;/ref_issn&gt;&lt;ref_volume&gt;318&lt;/ref_volume&gt;&lt;ref_year&gt;2008&lt;/ref_year&gt;&lt;ref_start_page&gt;1&lt;/ref_start_page&gt;&lt;/reference&gt;</subfield>
  </datafield>
  <datafield tag="999" ind1="C" ind2="5">
    <subfield code="o">[63]</subfield>
    <subfield code="i">2008AJ....135..348S</subfield>
    <subfield code="e">1</subfield>
    <subfield code="f">IOP:UCP</subfield>
    <subfield code="b">&lt;reference type="journal"&gt;&lt;ref_citation&gt;Sako, M. et al. 2008, AJ, 135, 348&lt;/ref_citation&gt;&lt;ref_doi&gt;10.1088/0004-6256/135/1/348&lt;/ref_doi&gt;&lt;ref_authors&gt;Sako, M. et al.&lt;/ref_authors&gt;&lt;ref_journal&gt;AJ&lt;/ref_journal&gt;&lt;ref_issn&gt;1538-3881&lt;/ref_issn&gt;&lt;ref_volume&gt;135&lt;/ref_volume&gt;&lt;ref_artnum&gt;348&lt;/ref_artnum&gt;&lt;ref_year&gt;2008&lt;/ref_year&gt;&lt;ref_start_page&gt;348&lt;/ref_start_page&gt;&lt;/reference&gt;</subfield>
  </datafield>
  <datafield tag="999" ind1="C" ind2="5">
    <subfield code="o">[64]</subfield>
    <subfield code="i">2008MNRAS.391.1605S</subfield>
    <subfield code="e">1</subfield>
    <subfield code="f">IOP:UCP</subfield>
    <subfield code="b">&lt;reference type="journal"&gt;&lt;ref_citation&gt;Sauer, D. N. et al. 2008, MNRAS, 391, 1605&lt;/ref_citation&gt;&lt;ref_doi&gt;10.1111/j.1365-2966.2008.14018.x&lt;/ref_doi&gt;&lt;ref_authors&gt;Sauer, D. N. et al.&lt;/ref_authors&gt;&lt;ref_journal&gt;MNRAS&lt;/ref_journal&gt;&lt;ref_issn&gt;0035-8711&lt;/ref_issn&gt;&lt;ref_volume&gt;391&lt;/ref_volume&gt;&lt;ref_year&gt;2008&lt;/ref_year&gt;&lt;ref_start_page&gt;1605&lt;/ref_start_page&gt;&lt;/reference&gt;</subfield>
  </datafield>
  <datafield tag="999" ind1="C" ind2="5">
    <subfield code="o">[65]</subfield>
    <subfield code="e">5</subfield>
    <subfield code="f">IOP:UCP</subfield>
    <subfield code="b">&lt;reference type="journal"&gt;&lt;ref_citation&gt;Stritzinger, M. et al. 2002, AJ, 124, 2200&lt;/ref_citation&gt;&lt;ref_doi&gt;10.1086/342544&lt;/ref_doi&gt;&lt;ref_authors&gt;Stritzinger, M. et al.&lt;/ref_authors&gt;&lt;ref_journal&gt;AJ&lt;/ref_journal&gt;&lt;ref_issn&gt;1538-3881&lt;/ref_issn&gt;&lt;ref_volume&gt;124&lt;/ref_volume&gt;&lt;ref_artnum&gt;2100&lt;/ref_artnum&gt;&lt;ref_year&gt;2002&lt;/ref_year&gt;&lt;ref_start_page&gt;2200&lt;/ref_start_page&gt;&lt;/reference&gt;</subfield>
  </datafield>
  <datafield tag="999" ind1="C" ind2="5">
    <subfield code="o">[66]</subfield>
    <subfield code="i">2009arXiv0902.0609S</subfield>
    <subfield code="r">arxiv: 0902.0609</subfield>
    <subfield code="e">1</subfield>
    <subfield code="f">IOP:UCP</subfield>
    <subfield code="b">&lt;reference type="journal"&gt;&lt;ref_citation&gt;Stritzinger, M. et al. 2009, ApJ, accepted, arXiv:0902.0609&lt;/ref_citation&gt;&lt;ref_authors&gt;Stritzinger, M. et al.&lt;/ref_authors&gt;&lt;ref_year&gt;2009&lt;/ref_year&gt;&lt;/reference&gt;</subfield>
  </datafield>
  <datafield tag="999" ind1="C" ind2="5">
    <subfield code="o">[67]</subfield>
    <subfield code="i">2006AJ....131..960S</subfield>
    <subfield code="e">1</subfield>
    <subfield code="f">IOP:UCP</subfield>
    <subfield code="b">&lt;reference type="journal"&gt;&lt;ref_citation&gt;Sullivan, M. et al. 2006, AJ, 131, 960&lt;/ref_citation&gt;&lt;ref_doi&gt;10.1086/499302&lt;/ref_doi&gt;&lt;ref_authors&gt;Sullivan, M. et al.&lt;/ref_authors&gt;&lt;ref_journal&gt;AJ&lt;/ref_journal&gt;&lt;ref_issn&gt;1538-3881&lt;/ref_issn&gt;&lt;ref_volume&gt;131&lt;/ref_volume&gt;&lt;ref_artnum&gt;960&lt;/ref_artnum&gt;&lt;ref_year&gt;2006&lt;/ref_year&gt;&lt;ref_start_page&gt;960&lt;/ref_start_page&gt;&lt;/reference&gt;</subfield>
  </datafield>
  <datafield tag="999" ind1="C" ind2="5">
    <subfield code="o">[68]</subfield>
    <subfield code="i">2001AAS...199.8405V</subfield>
    <subfield code="e">1</subfield>
    <subfield code="f">IOP:UCP</subfield>
    <subfield code="b">&lt;reference type="journal"&gt;&lt;ref_citation&gt;Vanden Berk, D. E. et al. 2001, BAAS, 199.8405&lt;/ref_citation&gt;&lt;ref_authors&gt;Vanden Berk, D. E. et al.&lt;/ref_authors&gt;&lt;ref_year&gt;2001&lt;/ref_year&gt;&lt;/reference&gt;</subfield>
  </datafield>
  <datafield tag="999" ind1="C" ind2="5">
    <subfield code="o">[69]</subfield>
    <subfield code="i">2005AAS...206.4501W</subfield>
    <subfield code="e">1</subfield>
    <subfield code="f">IOP:UCP</subfield>
    <subfield code="b">&lt;reference type="journal"&gt;&lt;ref_citation&gt;Wang, L., Aldering, G., Filippenko, A. V., Challis, P., Nugent, P., Li, W., Matheson, T., __amp__amp; Howell, A. 2005, BAAS, 206.4501&lt;/ref_citation&gt;&lt;ref_authors&gt;Wang, L., Aldering, G., Filippenko, A. V., Challis, P., Nugent, P., Li, W., Matheson, T., __amp__amp; Howell, A.&lt;/ref_authors&gt;&lt;ref_year&gt;2005&lt;/ref_year&gt;&lt;/reference&gt;</subfield>
  </datafield>
  <datafield tag="999" ind1="C" ind2="5">
    <subfield code="o">[70]</subfield>
    <subfield code="i">2008ApJ...675..626W</subfield>
    <subfield code="e">1</subfield>
    <subfield code="f">IOP:UCP</subfield>
    <subfield code="b">&lt;reference type="journal"&gt;&lt;ref_citation&gt;Wang, X. et al. 2008, ApJ, 675, 626&lt;/ref_citation&gt;&lt;ref_doi&gt;10.1086/526413&lt;/ref_doi&gt;&lt;ref_authors&gt;Wang, X. et al.&lt;/ref_authors&gt;&lt;ref_journal&gt;ApJ&lt;/ref_journal&gt;&lt;ref_issn&gt;0004-637X&lt;/ref_issn&gt;&lt;ref_volume&gt;675&lt;/ref_volume&gt;&lt;ref_artnum&gt;626&lt;/ref_artnum&gt;&lt;ref_year&gt;2008&lt;/ref_year&gt;&lt;ref_start_page&gt;626&lt;/ref_start_page&gt;&lt;/reference&gt;</subfield>
  </datafield>
  <datafield tag="999" ind1="C" ind2="5">
    <subfield code="o">[71]</subfield>
    <subfield code="i">2008arXiv0811.1205W</subfield>
    <subfield code="r">arxiv: 0811.1205</subfield>
    <subfield code="e">1</subfield>
    <subfield code="f">IOP:UCP</subfield>
    <subfield code="b">&lt;reference type="journal"&gt;&lt;ref_citation&gt;Wang, X. et al. 2009, ApJ, submitted (arXiv0811.1205)&lt;/ref_citation&gt;&lt;ref_authors&gt;Wang, X. et al.&lt;/ref_authors&gt;&lt;ref_year&gt;2009&lt;/ref_year&gt;&lt;/reference&gt;</subfield>
  </datafield>
  <datafield tag="999" ind1="C" ind2="5">
    <subfield code="o">[72]</subfield>
    <subfield code="i">2007ApJ...667..351W</subfield>
    <subfield code="e">1</subfield>
    <subfield code="f">IOP:UCP</subfield>
    <subfield code="b">&lt;reference type="journal"&gt;&lt;ref_citation&gt;Waxman, E., Meszaros, P., __amp__amp; Campana, S. 2007, ApJ, 667, 351&lt;/ref_citation&gt;&lt;ref_doi&gt;10.1086/520715&lt;/ref_doi&gt;&lt;ref_authors&gt;Waxman, E., Meszaros, P., __amp__amp; Campana, S.&lt;/ref_authors&gt;&lt;ref_journal&gt;ApJ&lt;/ref_journal&gt;&lt;ref_issn&gt;0004-637X&lt;/ref_issn&gt;&lt;ref_volume&gt;667&lt;/ref_volume&gt;&lt;ref_artnum&gt;351&lt;/ref_artnum&gt;&lt;ref_year&gt;2007&lt;/ref_year&gt;&lt;ref_start_page&gt;351&lt;/ref_start_page&gt;&lt;/reference&gt;</subfield>
  </datafield>
  <datafield tag="907" ind1=" " ind2=" ">
    <subfield code="a">IOP</subfield>
  </datafield>
  <datafield tag="995" ind1=" " ind2=" ">
    <subfield code="a">{"abs":[{"p":"/proj/ads/abstracts/ast/text/J41/J41-86544.abs","t":"1317947544"},{"p":"/proj/ads/abstracts/ast/text/S41/S41-86544.abs","t":"1321418697"}],"links":{"data":[{"u":"http://$VIZIER$/viz-bin/VizieR?-source=J/AJ/137/4517"}],"electr":[{"u":"http://stacks.iop.org/1538-3881/137/4517"}],"ned":[{"c":"49","u":"http://$NED$/cgi-bin/nph-objsearch?search_type=Search&amp;refcode=2009AJ....137.4517B"}],"pdf":[{"u":"http://stacks.iop.org/1538-3881/137/4517/pdf"}],"preprint":[{"u":"0803.1265"}],"simbad":[{"c":"32","u":"http://$SIMBAD$/simbo.pl?bibcode=2009AJ....137.4517B"}]},"prop":["open","refereed"],"refs":[{"p":"/proj/ads/references/resolved/AJ/0137/iss5.iop.xml.result","t":1318887123}]}</subfield>
    <subfield code="9">AST</subfield>
  </datafield>
</record>