
<record>
  <controlfield tag="005">20120319231722.0</controlfield>
  <datafield tag="980" ind1=" " ind2=" ">
    <subfield code="a">EPRINT</subfield>
  </datafield>
  <datafield tag="980" ind1=" " ind2=" ">
    <subfield code="a">OPENACCESS</subfield>
  </datafield>
  <datafield tag="650" ind1="1" ind2="7">
    <subfield code="a">math.SG</subfield>
  </datafield>
  <datafield tag="650" ind1="2" ind2="7">
    <subfield code="a">math.AG</subfield>
  </datafield>
  <datafield tag="650" ind1="2" ind2="7">
    <subfield code="a">math.CO</subfield>
  </datafield>
  <datafield tag="650" ind1="2" ind2="7">
    <subfield code="a"/>
  </datafield>
  <datafield tag="650" ind1="2" ind2="7">
    <subfield code="a"/>
  </datafield>
  <datafield tag="650" ind1="2" ind2="7">
    <subfield code="a"/>
  </datafield>
  <datafield tag="650" ind1="2" ind2="7">
    <subfield code="a"/>
  </datafield>
  <datafield tag="970" ind1=" " ind2=" ">
    <subfield code="a">2010arXiv1004.3227M</subfield>
  </datafield>
  <datafield tag="035" ind1=" " ind2=" ">
    <subfield code="a">2010arXiv1004.3227M</subfield>
    <subfield code="2">ADS bibcode</subfield>
  </datafield>
  <datafield tag="035" ind1=" " ind2=" ">
    <subfield code="a">arXiv:1004.3227</subfield>
    <subfield code="2">arXiv</subfield>
  </datafield>
  <datafield tag="245" ind1=" " ind2=" ">
    <subfield code="a">The topology of toric symplectic manifolds</subfield>
  </datafield>
  <datafield tag="100" ind1=" " ind2=" ">
    <subfield code="a">McDuff, Dusa</subfield>
    <subfield code="b">McDuff, D</subfield>
    <subfield code="e">regular</subfield>
  </datafield>
  <datafield tag="773" ind1=" " ind2=" ">
    <subfield code="p"/>
    <subfield code="v">1004</subfield>
    <subfield code="c">3227</subfield>
    <subfield code="y">2010</subfield>
    <subfield code="z">eprint arXiv:1004.3227</subfield>
  </datafield>
  <datafield tag="260" ind1=" " ind2=" ">
    <subfield code="c">2010-04-00</subfield>
    <subfield code="t">date-published</subfield>
  </datafield>
  <datafield tag="653" ind1="1" ind2=" ">
    <subfield code="a">Mathematics - Symplectic Geometry</subfield>
    <subfield code="9">arXiv</subfield>
  </datafield>
  <datafield tag="653" ind1="1" ind2=" ">
    <subfield code="a">Mathematics - Algebraic Geometry</subfield>
    <subfield code="9">arXiv</subfield>
  </datafield>
  <datafield tag="653" ind1="1" ind2=" ">
    <subfield code="a">Mathematics - Combinatorics</subfield>
    <subfield code="9">arXiv</subfield>
  </datafield>
  <datafield tag="653" ind1="1" ind2=" ">
    <subfield code="a">14M25</subfield>
    <subfield code="9">arXiv</subfield>
  </datafield>
  <datafield tag="653" ind1="1" ind2=" ">
    <subfield code="a">53D05</subfield>
    <subfield code="9">arXiv</subfield>
  </datafield>
  <datafield tag="653" ind1="1" ind2=" ">
    <subfield code="a">52B20</subfield>
    <subfield code="9">arXiv</subfield>
  </datafield>
  <datafield tag="653" ind1="1" ind2=" ">
    <subfield code="a">57S15</subfield>
    <subfield code="9">arXiv</subfield>
  </datafield>
  <datafield tag="520" ind1=" " ind2=" ">
    <subfield code="a">This is a collection of results on the topology of toric symplectic manifolds. Using an idea of Borisov, we show that a closed symplectic manifold supports at most a finite number of toric structures. Further, the product of two projective spaces of complex dimension at least two (and with a standard product symplectic form) has a unique toric structure. We then discuss various constructions, using wedging to build a monotone toric symplectic manifold whose center is not the unique point displaceable by probes, and bundles and blow ups to form manifolds with more than one toric structure. The bundle construction uses the McDuff--Tolman concept of mass linear function. Using Timorin's description of the cohomology ring via the volume function we develop a cohomological criterion for a function to be mass linear, and explain its relation to Shelukhin's higher codimension barycenters.</subfield>
    <subfield code="y">en</subfield>
  </datafield>
  <datafield tag="856" ind1="4" ind2=" ">
    <subfield code="u">http://adsabs.harvard.edu/cgi-bin/nph-data_query?bibcode=2010arXiv1004.3227M&amp;link_type=PREPRINT</subfield>
    <subfield code="y">arXiv e-print</subfield>
  </datafield>
  <datafield tag="999" ind1="C" ind2="5">
    <subfield code="o">[1]</subfield>
    <subfield code="e">0</subfield>
    <subfield code="f">ARXIV</subfield>
    <subfield code="b">Victor V. Batyrev, Toric Fano threefolds, "Izv. Akad. Nauk SSSR", Ser. Math 45 (1981), no. 4, 704-717, 927.</subfield>
  </datafield>
  <datafield tag="999" ind1="C" ind2="5">
    <subfield code="o">[2]</subfield>
    <subfield code="i">2008arXiv0807.4334C</subfield>
    <subfield code="r">arxiv: 0807.4334</subfield>
    <subfield code="e">1</subfield>
    <subfield code="f">ARXIV</subfield>
    <subfield code="b">S. Choi, M. Masuda and D. Y. Suh, Topological classification of generalized Bott towers, arXiv:0807.4334, "Trans. AMS" Vol 362, Number 2, 2010, pp. 1097-1112.</subfield>
  </datafield>
  <datafield tag="999" ind1="C" ind2="5">
    <subfield code="o">[3]</subfield>
    <subfield code="i">2008arXiv0807.4800C</subfield>
    <subfield code="r">arxiv: 0807.4800</subfield>
    <subfield code="e">1</subfield>
    <subfield code="f">ARXIV</subfield>
    <subfield code="b">S. Choi, T. Panov and D. Y. Suh, Toric cohomological rigidity of simple convex polytopes, arXiv:0807.4800, to appear in Journ. London Math. Soc.</subfield>
  </datafield>
  <datafield tag="999" ind1="C" ind2="5">
    <subfield code="o">[4]</subfield>
    <subfield code="e">0</subfield>
    <subfield code="f">ARXIV</subfield>
    <subfield code="b">M. W. Davis and T. Januszkiewicz. Convex polytopes, Coxeter orbifolds and torus actions, "Duke Math Journ." 62 (1991), 417-451.</subfield>
  </datafield>
  <datafield tag="999" ind1="C" ind2="5">
    <subfield code="o">[5]</subfield>
    <subfield code="e">0</subfield>
    <subfield code="f">ARXIV</subfield>
    <subfield code="b">T. Delzant, Hamiltoniens periodiques et image convexe de l'application moment, "Bulletin de la Societe Mathmatique de France", 116 (1988), 315-39.</subfield>
  </datafield>
  <datafield tag="999" ind1="C" ind2="5">
    <subfield code="o">[6]</subfield>
    <subfield code="e">0</subfield>
    <subfield code="f">ARXIV</subfield>
    <subfield code="b">R. Fintushel and R. Stern, Knots, links and 4-manifolds, "Invent. Math." 134 (1998) 363-400.</subfield>
  </datafield>
  <datafield tag="999" ind1="C" ind2="5">
    <subfield code="o">[7]</subfield>
    <subfield code="i">2008arXiv0802.1703F</subfield>
    <subfield code="r">arxiv: 0802.1703</subfield>
    <subfield code="e">1</subfield>
    <subfield code="f">ARXIV</subfield>
    <subfield code="b">K. Fukaya, Y.-G. Oh, H. Ohta, K. Ono, Lagrangian Floer theory on compact toric manifolds I, arXiv:0802.1703. "Duke Math. J." 151 (2010), 23-174.</subfield>
  </datafield>
  <datafield tag="999" ind1="C" ind2="5">
    <subfield code="o">[8]</subfield>
    <subfield code="e">0</subfield>
    <subfield code="f">ARXIV</subfield>
    <subfield code="b">C. Haase and I. V. Melnikov, The reflexive dimension of a lattice polytope, arXiv:0406485, "Ann. Comb." 10 (2006), 211-217.</subfield>
  </datafield>
  <datafield tag="999" ind1="C" ind2="5">
    <subfield code="o">[9]</subfield>
    <subfield code="e">0</subfield>
    <subfield code="f">ARXIV</subfield>
    <subfield code="b">Y. Karshon, L. Kessler, and M. Pinsonnault, A compact symplectic 4-manifold admits only finitely many inequivalent torus actions, arXiv:0609043. "J. Symp. Geom." 5 (2007), 133-166</subfield>
  </datafield>
  <datafield tag="999" ind1="C" ind2="5">
    <subfield code="o">[10]</subfield>
    <subfield code="e">0</subfield>
    <subfield code="f">ARXIV</subfield>
    <subfield code="b">J. Kdra and D. McDuff, Homotopy properties of Hamiltonian circle actions, "Geom. e and Top." 9 (2005), 121-162.</subfield>
  </datafield>
  <datafield tag="999" ind1="C" ind2="5">
    <subfield code="o">[11]</subfield>
    <subfield code="e">0</subfield>
    <subfield code="f">ARXIV</subfield>
    <subfield code="b">F. Lalonde, D. McDuff and L. Polterovich, Topological rigidity of Hamiltonian loops and quantum homology, "Invent. Math" 135 (1999), 369-385.</subfield>
  </datafield>
  <datafield tag="999" ind1="C" ind2="5">
    <subfield code="o">[12]</subfield>
    <subfield code="e">0</subfield>
    <subfield code="f">ARXIV</subfield>
    <subfield code="b">E. Lerman, Symplectic cuts, "Mathematical Research Letters" 2 (1995), 247-58.</subfield>
  </datafield>
  <datafield tag="999" ind1="C" ind2="5">
    <subfield code="o">[13]</subfield>
    <subfield code="e">0</subfield>
    <subfield code="f">ARXIV</subfield>
    <subfield code="b">M. Masuda, Equivariant cohomology distinguishes toric manifolds, arXiv:0703330, "Adv.Math." 218 (2008), 2005-2012.</subfield>
  </datafield>
  <datafield tag="999" ind1="C" ind2="5">
    <subfield code="o">[14]</subfield>
    <subfield code="i">2009arXiv0906.4479M</subfield>
    <subfield code="r">arxiv: 0906.4479</subfield>
    <subfield code="e">1</subfield>
    <subfield code="f">ARXIV</subfield>
    <subfield code="b">M. Masuda, Symmetry of a symplectic toric manifold, arXiv:0906.4479, to appear in "Journ. Symp. Geom."</subfield>
  </datafield>
  <datafield tag="999" ind1="C" ind2="5">
    <subfield code="o">[15]</subfield>
    <subfield code="i">2007arXiv0709.4579M</subfield>
    <subfield code="r">arxiv: 0709.4579</subfield>
    <subfield code="e">1</subfield>
    <subfield code="f">ARXIV</subfield>
    <subfield code="b">M. Masuda and D. Y. Suh, Classification problems of toric manifolds via topology, in "Toric Topology" eds Harada, Karshon, Masuda and Panov, Contemporary Math. vol 460, AMS, Providence RI, (2007), pp 273-286. arXiv:0709.4579.</subfield>
  </datafield>
  <datafield tag="999" ind1="C" ind2="5">
    <subfield code="o">[16]</subfield>
    <subfield code="e">0</subfield>
    <subfield code="f">ARXIV</subfield>
    <subfield code="b">D. McDuff, Examples of symplectic structures, "Inventiones Mathematicae", 89 (1987), 13-36.</subfield>
  </datafield>
  <datafield tag="999" ind1="C" ind2="5">
    <subfield code="o">[17]</subfield>
    <subfield code="e">0</subfield>
    <subfield code="f">ARXIV</subfield>
    <subfield code="b">D. McDuff, Quantum homology of fibrations over S 2 , "International Journal of Mathematics", 11, (2000), 665-721.</subfield>
  </datafield>
  <datafield tag="999" ind1="C" ind2="5">
    <subfield code="o">[18]</subfield>
    <subfield code="i">2009arXiv0904.1686M</subfield>
    <subfield code="r">arxiv: 0904.1686</subfield>
    <subfield code="e">1</subfield>
    <subfield code="f">ARXIV</subfield>
    <subfield code="b">D. McDuff, Displacing Lagrangian toric fibers via probes, arXiv:0904.1686, to appear in "Geometry and Topology".</subfield>
  </datafield>
  <datafield tag="999" ind1="C" ind2="5">
    <subfield code="o">[19]</subfield>
    <subfield code="e">0</subfield>
    <subfield code="f">ARXIV</subfield>
    <subfield code="b">D. McDuff and L. Polterovich, Symplectic packings and algebraic geometry. "Inventiones Mathematicae", 115 (1994), 405-29.</subfield>
  </datafield>
  <datafield tag="999" ind1="C" ind2="5">
    <subfield code="o">[20]</subfield>
    <subfield code="e">0</subfield>
    <subfield code="f">ARXIV</subfield>
    <subfield code="b">D. McDuff and D.A. Salamon, "J-holomorphic curves and quantum cohomology". University Lecture Series, (1994), American Mathematical Society, Providence, RI.</subfield>
  </datafield>
  <datafield tag="999" ind1="C" ind2="5">
    <subfield code="o">[21]</subfield>
    <subfield code="e">5</subfield>
    <subfield code="f">ARXIV</subfield>
    <subfield code="b">D. McDuff and S. Tolman, Topological properties of Hamiltonian circle actions, SG/0404338, "International Mathematics Research Papers". vol 2006, Article ID 72826, 1-77.</subfield>
  </datafield>
  <datafield tag="999" ind1="C" ind2="5">
    <subfield code="o">[22]</subfield>
    <subfield code="a">doi: 10.1093/imrn/rnp179</subfield>
    <subfield code="e">0</subfield>
    <subfield code="f">ARXIV</subfield>
    <subfield code="b">D. McDuff and S. Tolman, Polytopes with mass linear functions, part I, with Appendix with V. Timorin, "IMRN", (2009) doi: 10.1093/imrn/rnp179.</subfield>
  </datafield>
  <datafield tag="999" ind1="C" ind2="5">
    <subfield code="o">[23]</subfield>
    <subfield code="e">0</subfield>
    <subfield code="f">ARXIV</subfield>
    <subfield code="b">D. McDuff and S. Tolman, Polytopes with mass linear functions, part II, in preparation.</subfield>
  </datafield>
  <datafield tag="999" ind1="C" ind2="5">
    <subfield code="o">[24]</subfield>
    <subfield code="e">0</subfield>
    <subfield code="f">ARXIV</subfield>
    <subfield code="b">A. Paffenholz, private communication; see: http://ehrhart.math.fuberlin.de/people/paffenho/other-examples.html</subfield>
  </datafield>
  <datafield tag="999" ind1="C" ind2="5">
    <subfield code="o">[25]</subfield>
    <subfield code="i">2007arXiv0704.1033P</subfield>
    <subfield code="r">arxiv: 0704.1033</subfield>
    <subfield code="e">1</subfield>
    <subfield code="f">ARXIV</subfield>
    <subfield code="b">A. Pelayo, Topology of spaces of equivariant symplectic embeddings, arXiv:0704.1033, "Proc. A.M.S." 135 (2007), 277-288.</subfield>
  </datafield>
  <datafield tag="999" ind1="C" ind2="5">
    <subfield code="o">[26]</subfield>
    <subfield code="i">2010arXiv1003.4787P</subfield>
    <subfield code="r">arxiv: 1003.4787</subfield>
    <subfield code="e">1</subfield>
    <subfield code="f">ARXIV</subfield>
    <subfield code="b">A. Pelayo and S. Tolman, Fixed points of symplectic periodic flows, arXiv:1003.4787, to appear in Ergodic Theory and Dynamical Systems.</subfield>
  </datafield>
  <datafield tag="999" ind1="C" ind2="5">
    <subfield code="o">[27]</subfield>
    <subfield code="e">0</subfield>
    <subfield code="f">ARXIV</subfield>
    <subfield code="b">M. Pinsonnault, Maximal compact tori in the Hamiltonian group of 4-dimensional symplectic manifolds, arXiv:0612565. "J. Mod. Dyn." 2 (2008), 431-455.</subfield>
  </datafield>
  <datafield tag="999" ind1="C" ind2="5">
    <subfield code="o">[28]</subfield>
    <subfield code="e">0</subfield>
    <subfield code="f">ARXIV</subfield>
    <subfield code="b">Y. Ruan, Symplectic topology on algebraic 3-folds, "Journal of Differential Geometry" 39 (1994), 215-227.</subfield>
  </datafield>
  <datafield tag="999" ind1="C" ind2="5">
    <subfield code="o">[29]</subfield>
    <subfield code="i">2009arXiv0905.1434S</subfield>
    <subfield code="r">arxiv: 0905.1434</subfield>
    <subfield code="e">1</subfield>
    <subfield code="f">ARXIV</subfield>
    <subfield code="b">E. Shelukhin, Remarks on invariants of Hamiltonian loops, arXiv:0905.1434. "J. Topol. Anal" 2 (2010), 277-325.</subfield>
  </datafield>
  <datafield tag="999" ind1="C" ind2="5">
    <subfield code="o">[30]</subfield>
    <subfield code="e">0</subfield>
    <subfield code="f">ARXIV</subfield>
    <subfield code="b">V. Timorin, An analogue of the Hodge-Riemann relations for simple convex polytopes, "Russ. Math Surveys" 54:2 (1999), 381-426.</subfield>
  </datafield>
  <datafield tag="999" ind1="C" ind2="5">
    <subfield code="o">[31]</subfield>
    <subfield code="e">0</subfield>
    <subfield code="f">ARXIV</subfield>
    <subfield code="b">K. Watanabe and M. Watanabe, The classification of Fano 3-folds with torus embeddings, "Tokyo J. Math. " 5 (1982), 37-48.</subfield>
  </datafield>
  <datafield tag="907" ind1=" " ind2=" ">
    <subfield code="a">ARXIV</subfield>
  </datafield>
  <datafield tag="500" ind1=" " ind2=" ">
    <subfield code="a">36 pages, one figure; v2: proofs improved, small changes to some statements</subfield>
    <subfield code="9">ADS</subfield>
  </datafield>
  <datafield tag="995" ind1=" " ind2=" ">
    <subfield code="a">{"abs":[{"p":"/proj/ads/abstracts/pre/text/X03/X03-60029.abs","t":"1285894886"}],"links":{"preprint":[{"u":"1004.3227"}]},"prop":["arxiv_40"],"refs":[{"p":"/proj/ads/references/resolved/arXiv/1004/3227.raw.result","t":1329319656}]}</subfield>
    <subfield code="9">PRE</subfield>
  </datafield>
</record>