
<record>
  <controlfield tag="005">20120322140133.0</controlfield>
  <datafield tag="980" ind1=" " ind2=" ">
    <subfield code="a">PHYSICS</subfield>
  </datafield>
  <datafield tag="980" ind1=" " ind2=" ">
    <subfield code="a">OPENACCESS</subfield>
  </datafield>
  <datafield tag="980" ind1=" " ind2=" ">
    <subfield code="a">REFEREED</subfield>
  </datafield>
  <datafield tag="980" ind1=" " ind2=" ">
    <subfield code="a">ARTICLE</subfield>
  </datafield>
  <datafield tag="970" ind1=" " ind2=" ">
    <subfield code="a">1999PhRvD..60e4020P</subfield>
  </datafield>
  <datafield tag="035" ind1=" " ind2=" ">
    <subfield code="a">1999PhRvD..60e4020P</subfield>
    <subfield code="2">ADS bibcode</subfield>
  </datafield>
  <datafield tag="035" ind1=" " ind2=" ">
    <subfield code="y">1999hep.ph....3447P</subfield>
    <subfield code="2">eprint bibcode</subfield>
  </datafield>
  <datafield tag="024" ind1="7" ind2=" ">
    <subfield code="a">10.1103/PhysRevD.60.054020</subfield>
    <subfield code="2">DOI</subfield>
  </datafield>
  <datafield tag="035" ind1=" " ind2=" ">
    <subfield code="a">hep-ph/9903447</subfield>
    <subfield code="2">arXiv</subfield>
  </datafield>
  <datafield tag="245" ind1=" " ind2=" ">
    <subfield code="a">Bounding the penguin effects in determinations of α from B&lt;SUP&gt;0&lt;/SUP&gt;(t)--〉π&lt;SUP&gt;+&lt;/SUP&gt;π&lt;SUP&gt;-&lt;/SUP&gt;</subfield>
  </datafield>
  <datafield tag="100" ind1=" " ind2=" ">
    <subfield code="a">Pirjol, Dan</subfield>
    <subfield code="b">Pirjol, D</subfield>
    <subfield code="e">regular</subfield>
    <subfield code="u">Floyd R. Newman Laboratory of Nuclear Studies, Cornell University, Ithaca, New York 14853</subfield>
  </datafield>
  <datafield tag="773" ind1=" " ind2=" ">
    <subfield code="p">Physical Review D (Particles and Fields)</subfield>
    <subfield code="v">60</subfield>
    <subfield code="c">054020</subfield>
    <subfield code="n">5</subfield>
    <subfield code="y">1999</subfield>
    <subfield code="z">Physical Review D (Particles and Fields), Volume 60, Issue 5, 1 September 1999, id. 054020</subfield>
  </datafield>
  <datafield tag="260" ind1=" " ind2=" ">
    <subfield code="c">1999-09-00</subfield>
    <subfield code="t">date-published</subfield>
  </datafield>
  <datafield tag="653" ind1="1" ind2=" ">
    <subfield code="a">Decays of bottom mesons</subfield>
    <subfield code="9">PACS</subfield>
  </datafield>
  <datafield tag="653" ind1="1" ind2=" ">
    <subfield code="a">Charge conjugation</subfield>
    <subfield code="9">PACS</subfield>
  </datafield>
  <datafield tag="653" ind1="1" ind2=" ">
    <subfield code="a">parity</subfield>
    <subfield code="9">PACS</subfield>
  </datafield>
  <datafield tag="653" ind1="1" ind2=" ">
    <subfield code="a">time reversal</subfield>
    <subfield code="9">PACS</subfield>
  </datafield>
  <datafield tag="653" ind1="1" ind2=" ">
    <subfield code="a">and other discrete symmetries</subfield>
    <subfield code="9">PACS</subfield>
  </datafield>
  <datafield tag="653" ind1="1" ind2=" ">
    <subfield code="a">Bottom mesons</subfield>
    <subfield code="9">PACS</subfield>
  </datafield>
  <datafield tag="653" ind1="1" ind2=" ">
    <subfield code="a">13.25.Hw</subfield>
    <subfield code="9">PACS Codes</subfield>
  </datafield>
  <datafield tag="653" ind1="1" ind2=" ">
    <subfield code="a">11.30.Er</subfield>
    <subfield code="9">PACS Codes</subfield>
  </datafield>
  <datafield tag="653" ind1="1" ind2=" ">
    <subfield code="a">14.40.Nd</subfield>
    <subfield code="9">PACS Codes</subfield>
  </datafield>
  <datafield tag="653" ind1="1" ind2=" ">
    <subfield code="a">charge</subfield>
    <subfield code="9">Normalized</subfield>
  </datafield>
  <datafield tag="653" ind1="1" ind2=" ">
    <subfield code="a">parity</subfield>
    <subfield code="9">Normalized</subfield>
  </datafield>
  <datafield tag="653" ind1="1" ind2=" ">
    <subfield code="a">time</subfield>
    <subfield code="9">Normalized</subfield>
  </datafield>
  <datafield tag="520" ind1=" " ind2=" ">
    <subfield code="a">In the absence of QCD penguin contributions a measurement of the time-dependent asymmetry in the decay B&lt;SUP&gt;0&lt;/SUP&gt;(t)--〉π&lt;SUP&gt;+&lt;/SUP&gt;π&lt;SUP&gt;-&lt;/SUP&gt; gives directly the weak angle α. Several bounds have been proposed in the literature on the magnitude of the penguin effects on this determination, the prototype of which is the isospin bound of Grossman and Quinn. We point out that large strong final state interactions could cause these bounds to overestimate the real penguin effect. A new flavor SU(3) bound is proposed, requiring only the charge-averaged branching ratios for B&lt;SUP&gt;0&lt;/SUP&gt;--〉π&lt;SUP&gt;+&lt;/SUP&gt;π&lt;SUP&gt;-&lt;/SUP&gt; and B&lt;SUB&gt;s&lt;/SUB&gt;--〉K&lt;SUP&gt;+&lt;/SUP&gt;K&lt;SUP&gt;-&lt;/SUP&gt;, which exactly takes into account all relevant amplitudes and electroweak penguin effects. This bound on the penguin-induced error on the determination of the weak phase α holds even without knowledge of direct CP asymmetry in the π&lt;SUP&gt;+&lt;/SUP&gt;π&lt;SUP&gt;-&lt;/SUP&gt; channel.</subfield>
    <subfield code="y">en</subfield>
  </datafield>
  <datafield tag="856" ind1="4" ind2=" ">
    <subfield code="u">http://adsabs.harvard.edu/cgi-bin/nph-data_query?bibcode=1999PhRvD..60e4020P&amp;link_type=PREPRINT</subfield>
    <subfield code="y">arXiv e-print</subfield>
  </datafield>
  <datafield tag="856" ind1="4" ind2=" ">
    <subfield code="u">http://adsabs.harvard.edu/cgi-bin/nph-data_query?bibcode=1999PhRvD..60e4020P&amp;link_type=EJOURNAL</subfield>
    <subfield code="y">Electronic On-line Article (HTML)</subfield>
  </datafield>
  <datafield tag="856" ind1="4" ind2=" ">
    <subfield code="u">http://adsabs.harvard.edu/cgi-bin/nph-data_query?bibcode=1999PhRvD..60e4020P&amp;link_type=SPIRES</subfield>
    <subfield code="y">HEP/Spires Information</subfield>
  </datafield>
  <datafield tag="999" ind1="C" ind2="5">
    <subfield code="o">[1]</subfield>
    <subfield code="i">1990PhRvL..65.3381G</subfield>
    <subfield code="e">1</subfield>
    <subfield code="f">ISI</subfield>
    <subfield code="b">1990PhRvL..65.3381G</subfield>
  </datafield>
  <datafield tag="999" ind1="C" ind2="5">
    <subfield code="o">[2]</subfield>
    <subfield code="e">0</subfield>
    <subfield code="f">CrossRef</subfield>
    <subfield code="b">&lt;citation key="x"&gt;&lt;journal_title&gt;phys rev lett&lt;/journal_title&gt;&lt;author/&gt;&lt;volume&gt;78&lt;/volume&gt;&lt;first_page&gt;1167&lt;/first_page&gt;&lt;cYear&gt;1997&lt;/cYear&gt;&lt;article_title/&gt;&lt;/citation&gt;</subfield>
  </datafield>
  <datafield tag="999" ind1="C" ind2="5">
    <subfield code="o">[3]</subfield>
    <subfield code="i">1991PhLB..265..389G</subfield>
    <subfield code="e">1</subfield>
    <subfield code="f">ISI</subfield>
    <subfield code="b">1991PhLB..265..389G</subfield>
  </datafield>
  <datafield tag="999" ind1="C" ind2="5">
    <subfield code="o">[4]</subfield>
    <subfield code="i">1991PhRvD..44.1454L</subfield>
    <subfield code="e">1</subfield>
    <subfield code="f">ISI</subfield>
    <subfield code="b">1991PhRvD..44.1454L</subfield>
  </datafield>
  <datafield tag="999" ind1="C" ind2="5">
    <subfield code="o">[5]</subfield>
    <subfield code="e">5</subfield>
    <subfield code="f">APS</subfield>
    <subfield code="b">&lt;ref citid="C2"&gt;&lt;misc&gt;__amp__ldquo;The &lt;i&gt;B&lt;/i&gt;&lt;sc&gt;A&lt;/sc&gt;&lt;i&gt;B&lt;/i&gt;&lt;sc&gt;AR&lt;/sc&gt; Physics Book,__amp__rdquo; edited by P. F. Harrison and H. R. Quinn, Report No. SLAC-R-504, October 1998.&lt;/misc&gt;&lt;/ref&gt;</subfield>
  </datafield>
  <datafield tag="999" ind1="C" ind2="5">
    <subfield code="o">[6]</subfield>
    <subfield code="i">1994PhRvD..49.1151S</subfield>
    <subfield code="e">1</subfield>
    <subfield code="f">ISI</subfield>
    <subfield code="b">1994PhRvD..49.1151S</subfield>
  </datafield>
  <datafield tag="999" ind1="C" ind2="5">
    <subfield code="o">[7]</subfield>
    <subfield code="i">1994PhRvD..50.4529G</subfield>
    <subfield code="e">1</subfield>
    <subfield code="f">ISI</subfield>
    <subfield code="b">1994PhRvD..50.4529G</subfield>
  </datafield>
  <datafield tag="999" ind1="C" ind2="5">
    <subfield code="o">[8]</subfield>
    <subfield code="i">1995PhLB..360..138B</subfield>
    <subfield code="e">1</subfield>
    <subfield code="f">ISI</subfield>
    <subfield code="b">1995PhLB..360..138B</subfield>
  </datafield>
  <datafield tag="999" ind1="C" ind2="5">
    <subfield code="o">[9]</subfield>
    <subfield code="i">1997PhLB..397..269F</subfield>
    <subfield code="e">1</subfield>
    <subfield code="f">ISI</subfield>
    <subfield code="b">1997PhLB..397..269F</subfield>
  </datafield>
  <datafield tag="999" ind1="C" ind2="5">
    <subfield code="o">[10]</subfield>
    <subfield code="i">1997PhRvL..78.3999B</subfield>
    <subfield code="e">1</subfield>
    <subfield code="f">ISI</subfield>
    <subfield code="b">1997PhRvL..78.3999B</subfield>
  </datafield>
  <datafield tag="999" ind1="C" ind2="5">
    <subfield code="o">[11]</subfield>
    <subfield code="i">1997PhRvL..79.1166S</subfield>
    <subfield code="e">1</subfield>
    <subfield code="f">ISI</subfield>
    <subfield code="b">1997PhRvL..79.1166S</subfield>
  </datafield>
  <datafield tag="999" ind1="C" ind2="5">
    <subfield code="o">[12]</subfield>
    <subfield code="i">1998NuPhB.533....3B</subfield>
    <subfield code="e">1</subfield>
    <subfield code="f">ISI</subfield>
    <subfield code="b">1998NuPhB.533....3B</subfield>
  </datafield>
  <datafield tag="999" ind1="C" ind2="5">
    <subfield code="o">[13]</subfield>
    <subfield code="i">1998NuPhS..65..245G</subfield>
    <subfield code="e">1</subfield>
    <subfield code="f">ISI</subfield>
    <subfield code="b">1998NuPhS..65..245G</subfield>
  </datafield>
  <datafield tag="999" ind1="C" ind2="5">
    <subfield code="o">[14]</subfield>
    <subfield code="i">1998PhLB..424..152N</subfield>
    <subfield code="e">1</subfield>
    <subfield code="f">ISI</subfield>
    <subfield code="b">1998PhLB..424..152N</subfield>
  </datafield>
  <datafield tag="999" ind1="C" ind2="5">
    <subfield code="o">[15]</subfield>
    <subfield code="i">1997PhRvL..79.1167B</subfield>
    <subfield code="e">1</subfield>
    <subfield code="f">APS</subfield>
    <subfield code="b">&lt;ref abbrev="ibid" citid="C7"&gt;&lt;article&gt;&lt;journal&gt;Phys. Rev. Lett.&lt;/journal&gt;&lt;refauth&gt;B. Blok&lt;/refauth&gt;&lt;refauth&gt;M. Gronau&lt;/refauth&gt;&lt;refauth&gt;J. L. Rosner&lt;/refauth&gt;&lt;volume&gt;78&lt;/volume&gt;, &lt;pages&gt;1167&lt;/pages&gt; (&lt;date&gt;1997&lt;/date&gt;);&lt;/article&gt;&lt;/ref&gt;</subfield>
  </datafield>
  <datafield tag="999" ind1="C" ind2="5">
    <subfield code="o">[16]</subfield>
    <subfield code="i">1998PhLB..429..106D</subfield>
    <subfield code="e">1</subfield>
    <subfield code="f">ISI</subfield>
    <subfield code="b">1998PhLB..429..106D</subfield>
  </datafield>
  <datafield tag="999" ind1="C" ind2="5">
    <subfield code="o">[17]</subfield>
    <subfield code="i">1998PhLB..435..221F</subfield>
    <subfield code="e">1</subfield>
    <subfield code="f">ISI</subfield>
    <subfield code="b">1998PhLB..435..221F</subfield>
  </datafield>
  <datafield tag="999" ind1="C" ind2="5">
    <subfield code="o">[18]</subfield>
    <subfield code="i">1998PhRvD..57.4290F</subfield>
    <subfield code="e">1</subfield>
    <subfield code="f">ISI</subfield>
    <subfield code="b">1998PhRvD..57.4290F</subfield>
  </datafield>
  <datafield tag="999" ind1="C" ind2="5">
    <subfield code="o">[19]</subfield>
    <subfield code="i">1998PhRvD..57.6843G</subfield>
    <subfield code="e">1</subfield>
    <subfield code="f">ISI</subfield>
    <subfield code="b">1998PhRvD..57.6843G</subfield>
  </datafield>
  <datafield tag="999" ind1="C" ind2="5">
    <subfield code="o">[20]</subfield>
    <subfield code="i">1998PhRvD..58k3005G</subfield>
    <subfield code="a">doi: 10.1103/PhysRevD.58.113005</subfield>
    <subfield code="e">1</subfield>
    <subfield code="f">CrossRef</subfield>
    <subfield code="b">&lt;citation key="y"&gt;&lt;journal_title&gt;Physical Review D&lt;/journal_title&gt;&lt;issn&gt;15507998&lt;/issn&gt;&lt;author&gt;Gronau&lt;/author&gt;&lt;volume&gt;58&lt;/volume&gt;&lt;issue&gt;11&lt;/issue&gt;&lt;first_page&gt;113005&lt;/first_page&gt;&lt;cYear&gt;1998&lt;/cYear&gt;&lt;doi&gt;10.1103/PhysRevD.58.113005&lt;/doi&gt;&lt;article_title&gt;Rescattering information from B[over --__amp__gt;]KK[over -] decays&lt;/article_title&gt;&lt;/citation&gt;</subfield>
  </datafield>
  <datafield tag="999" ind1="C" ind2="5">
    <subfield code="o">[21]</subfield>
    <subfield code="i">1998PhRvD..58a7504G</subfield>
    <subfield code="e">1</subfield>
    <subfield code="f">ISI</subfield>
    <subfield code="b">1998PhRvD..58a7504G</subfield>
  </datafield>
  <datafield tag="999" ind1="C" ind2="5">
    <subfield code="o">[22]</subfield>
    <subfield code="i">1998PhRvD..58c6005A</subfield>
    <subfield code="e">1</subfield>
    <subfield code="f">ISI</subfield>
    <subfield code="b">1998PhRvD..58c6005A</subfield>
  </datafield>
  <datafield tag="999" ind1="C" ind2="5">
    <subfield code="o">[23]</subfield>
    <subfield code="i">1999PhRvD..59e4007C</subfield>
    <subfield code="e">1</subfield>
    <subfield code="f">ISI</subfield>
    <subfield code="b">1999PhRvD..59e4007C</subfield>
  </datafield>
  <datafield tag="999" ind1="C" ind2="5">
    <subfield code="o">[24]</subfield>
    <subfield code="i">1999PhRvD..59g7502G</subfield>
    <subfield code="e">1</subfield>
    <subfield code="f">ISI</subfield>
    <subfield code="b">1999PhRvD..59g7502G</subfield>
  </datafield>
  <datafield tag="999" ind1="C" ind2="5">
    <subfield code="o">[25]</subfield>
    <subfield code="i">1999PhRvD..60c4021G</subfield>
    <subfield code="a">doi: 10.1103/PhysRevD.60.034021</subfield>
    <subfield code="e">1</subfield>
    <subfield code="f">CrossRef</subfield>
    <subfield code="b">&lt;citation key="y"&gt;&lt;journal_title&gt;Physical Review D&lt;/journal_title&gt;&lt;issn&gt;15507998&lt;/issn&gt;&lt;author&gt;Gronau&lt;/author&gt;&lt;volume&gt;60&lt;/volume&gt;&lt;issue&gt;3&lt;/issue&gt;&lt;first_page&gt;034021&lt;/first_page&gt;&lt;cYear&gt;1999&lt;/cYear&gt;&lt;doi&gt;10.1103/PhysRevD.60.034021&lt;/doi&gt;&lt;article_title&gt;Model-independent electroweak penguin amplitudes in B decays to two pseudoscalars&lt;/article_title&gt;&lt;/citation&gt;</subfield>
  </datafield>
  <datafield tag="999" ind1="C" ind2="5">
    <subfield code="o">[26]</subfield>
    <subfield code="i">1998hep.ph...10260B</subfield>
    <subfield code="r">arxiv: hep-ph/9810260</subfield>
    <subfield code="e">1</subfield>
    <subfield code="f">APS</subfield>
    <subfield code="b">&lt;ref citid="C10"&gt;&lt;eprint&gt;&lt;refauth&gt;A. J. Buras&lt;/refauth&gt; and &lt;refauth&gt;R. Fleischer&lt;/refauth&gt;, CERN Report No. CERN-TH/98-319, &lt;eprintid&gt;hep-ph/9810260&lt;/eprintid&gt;.&lt;/eprint&gt;&lt;/ref&gt;</subfield>
  </datafield>
  <datafield tag="999" ind1="C" ind2="5">
    <subfield code="o">[27]</subfield>
    <subfield code="i">1998hep.ph....9479G</subfield>
    <subfield code="r">arxiv: hep-ph/9809479</subfield>
    <subfield code="e">1</subfield>
    <subfield code="f">APS</subfield>
    <subfield code="b">&lt;ref abbrev="prevau" citid="C12"&gt;&lt;eprint&gt;&lt;refauth&gt;S. Gardner&lt;/refauth&gt;Report No. UK-TP-98-14, &lt;eprintid&gt;hep-ph/9809479&lt;/eprintid&gt;.&lt;/eprint&gt;&lt;/ref&gt;</subfield>
  </datafield>
  <datafield tag="999" ind1="C" ind2="5">
    <subfield code="o">[28]</subfield>
    <subfield code="i">1997IJMPA..12.2459F</subfield>
    <subfield code="a">doi: 10.1142/S0217751X97001432</subfield>
    <subfield code="e">1</subfield>
    <subfield code="f">CrossRef</subfield>
    <subfield code="b">&lt;citation key="y"&gt;&lt;journal_title&gt;International Journal of Modern Physics A&lt;/journal_title&gt;&lt;issn&gt;0217751X&lt;/issn&gt;&lt;author&gt;Fleischer&lt;/author&gt;&lt;volume&gt;12&lt;/volume&gt;&lt;issue&gt;14&lt;/issue&gt;&lt;first_page&gt;2459&lt;/first_page&gt;&lt;cYear&gt;1997&lt;/cYear&gt;&lt;doi&gt;10.1142/S0217751X97001432&lt;/doi&gt;&lt;article_title/&gt;&lt;/citation&gt;</subfield>
  </datafield>
  <datafield tag="999" ind1="C" ind2="5">
    <subfield code="o">[29]</subfield>
    <subfield code="i">1999JHEP...02..014N</subfield>
    <subfield code="e">1</subfield>
    <subfield code="f">APS</subfield>
    <subfield code="b">&lt;ref citid="C15"&gt;&lt;article&gt;&lt;refauth&gt;M. Neubert&lt;/refauth&gt;, &lt;journal&gt;J. High Energy Phys.&lt;/journal&gt;&lt;volume&gt;02&lt;/volume&gt;, &lt;pages&gt;014&lt;/pages&gt; (&lt;date&gt;1999&lt;/date&gt;).&lt;/article&gt;&lt;/ref&gt;</subfield>
  </datafield>
  <datafield tag="999" ind1="C" ind2="5">
    <subfield code="o">[30]</subfield>
    <subfield code="i">1998hep.ph....9545R</subfield>
    <subfield code="r">arxiv: hep-ph/9809545</subfield>
    <subfield code="e">1</subfield>
    <subfield code="f">APS</subfield>
    <subfield code="b">&lt;ref citid="C16"&gt;&lt;eprint&gt;&lt;refauth&gt;J. Rosner&lt;/refauth&gt;, University of Chicago, Report No. EFI-98-45, &lt;eprintid&gt;hep-ph/9809545&lt;/eprintid&gt;.&lt;/eprint&gt;&lt;/ref&gt;</subfield>
  </datafield>
  <datafield tag="999" ind1="C" ind2="5">
    <subfield code="o">[31]</subfield>
    <subfield code="i">1999hep.ph....3456F</subfield>
    <subfield code="r">arxiv: hep-ph/9903456</subfield>
    <subfield code="e">1</subfield>
    <subfield code="f">APS</subfield>
    <subfield code="b">&lt;ref citid="C17"&gt;&lt;eprint&gt;&lt;refauth&gt;R. Fleischer&lt;/refauth&gt;, CERN Report No. CERN-TH/99-79, &lt;eprintid&gt;hep-ph/9903456&lt;/eprintid&gt;.&lt;/eprint&gt;&lt;/ref&gt;</subfield>
  </datafield>
  <datafield tag="999" ind1="C" ind2="5">
    <subfield code="o">[32]</subfield>
    <subfield code="e">5</subfield>
    <subfield code="f">APS</subfield>
    <subfield code="b">&lt;ref citid="C18"&gt;&lt;misc&gt;J. Alexander, Rapporteur__amp__rsquo;s talk presented at the 29th International Conference on High-Energy Physics, Vancouver, BC, Canada, 1998;&lt;/misc&gt;&lt;/ref&gt;</subfield>
  </datafield>
  <datafield tag="999" ind1="C" ind2="5">
    <subfield code="o">[33]</subfield>
    <subfield code="e">0</subfield>
    <subfield code="f">APS</subfield>
    <subfield code="b">&lt;ref citid="C18"&gt;&lt;misc&gt;CLEO Collaboration, M. Artuso &lt;i&gt;et al.&lt;/i&gt;, ibid. Cornell University Report No. CLEO CONF 98-20, ICHEP98 858.&lt;/misc&gt;&lt;/ref&gt;</subfield>
  </datafield>
  <datafield tag="907" ind1=" " ind2=" ">
    <subfield code="a">APS</subfield>
  </datafield>
  <datafield tag="995" ind1=" " ind2=" ">
    <subfield code="a">{"abs":[{"p":"/proj/ads/abstracts/phy/text/J39/J39-50762.abs","t":"1274773580"}],"links":{"electr":[{"u":"http://link.aps.org/doi/10.1103/PhysRevD.60.054020"}],"ereference":[{"u":"http://link.aps.org/doi/10.1103/PhysRevD.60.054020"}],"preprint":[{"u":"hep-ph/9903447"}],"spires":[{"u":"http://www.slac.stanford.edu/spires/find/hep/www?fin+j+PHRVA,D60,054020"}]},"prop":["refereed"],"refs":[{"p":"/proj/ads/references/resolved/ISI/PhRvD/PhRvD0060.isi.pairs.result","t":1302281463},{"p":"/proj/ads/references/resolved/PhRvD/0060/10.1103_PhysRevD.60.054020.xref.xml.result","t":1301974746},{"p":"/proj/ads/references/resolved/PhRvD/0060/1999PhRvD..60e4020P.ref.xml.result","t":1301978543}]}</subfield>
    <subfield code="9">PHY</subfield>
  </datafield>
</record>