
<record>
  <controlfield tag="005">20120319221304.0</controlfield>
  <datafield tag="980" ind1=" " ind2=" ">
    <subfield code="a">EPRINT</subfield>
  </datafield>
  <datafield tag="980" ind1=" " ind2=" ">
    <subfield code="a">OPENACCESS</subfield>
  </datafield>
  <datafield tag="650" ind1="1" ind2="7">
    <subfield code="a">astro-ph</subfield>
  </datafield>
  <datafield tag="970" ind1=" " ind2=" ">
    <subfield code="a">2007arXiv0710.3984L</subfield>
  </datafield>
  <datafield tag="035" ind1=" " ind2=" ">
    <subfield code="a">2007arXiv0710.3984L</subfield>
    <subfield code="2">ADS bibcode</subfield>
  </datafield>
  <datafield tag="035" ind1=" " ind2=" ">
    <subfield code="a">arXiv:0710.3984</subfield>
    <subfield code="2">arXiv</subfield>
  </datafield>
  <datafield tag="245" ind1=" " ind2=" ">
    <subfield code="a">A model for giant flares in soft gamma repeaters</subfield>
  </datafield>
  <datafield tag="100" ind1=" " ind2=" ">
    <subfield code="a">Lugones, G.</subfield>
    <subfield code="b">Lugones, G</subfield>
    <subfield code="e">regular</subfield>
  </datafield>
  <datafield tag="700" ind1=" " ind2=" ">
    <subfield code="a">de Gouveia Dal Pino, E. M.</subfield>
    <subfield code="b">de Gouveia Dal Pino, E</subfield>
    <subfield code="e">regular</subfield>
  </datafield>
  <datafield tag="700" ind1=" " ind2=" ">
    <subfield code="a">Horvath, J. E.</subfield>
    <subfield code="b">Horvath, J</subfield>
    <subfield code="e">regular</subfield>
  </datafield>
  <datafield tag="773" ind1=" " ind2=" ">
    <subfield code="p"/>
    <subfield code="v">0710</subfield>
    <subfield code="c">3984</subfield>
    <subfield code="y">2007</subfield>
    <subfield code="z">eprint arXiv:0710.3984</subfield>
  </datafield>
  <datafield tag="260" ind1=" " ind2=" ">
    <subfield code="c">2007-10-00</subfield>
    <subfield code="t">date-published</subfield>
  </datafield>
  <datafield tag="653" ind1="1" ind2=" ">
    <subfield code="a">Astrophysics</subfield>
    <subfield code="9">arXiv</subfield>
  </datafield>
  <datafield tag="653" ind1="1" ind2=" ">
    <subfield code="a">astrophysics</subfield>
    <subfield code="9">Normalized</subfield>
  </datafield>
  <datafield tag="520" ind1=" " ind2=" ">
    <subfield code="a">We argue that giant flares in SGRs can be associated to the core conversion of an isolated neutron star having a subcritical magnetic field $\sim 10^{12}$ G and a fallback disk around it. We show that, in a timescale of $\lesssim 10^5$ yrs, accretion from the fallback disk can increase the mass of the central object up to the critical mass for the conversion of the core of the star into quark matter. A small fraction of the neutrino-antineutrino emission from the just-converted quark-matter hot core annihilates into $e^+e^-$ pairs above the neutron star surface originating the gamma emission of the spike while the further cooling of the heated neutron star envelope originates the tail of the burst. We show that several characteristics of the giant flare of the SGR 1806-20 of 27 December 2004 (spike and tail energies, timescales, and spectra) can be explained by this mechanism.</subfield>
    <subfield code="y">en</subfield>
  </datafield>
  <datafield tag="856" ind1="4" ind2=" ">
    <subfield code="u">http://adsabs.harvard.edu/cgi-bin/nph-data_query?bibcode=2007arXiv0710.3984L&amp;link_type=PREPRINT</subfield>
    <subfield code="y">arXiv e-print</subfield>
  </datafield>
  <datafield tag="999" ind1="C" ind2="5">
    <subfield code="o">[1]</subfield>
    <subfield code="i">2005Natur.434.1098H</subfield>
    <subfield code="e">1</subfield>
    <subfield code="f">ARXIV</subfield>
    <subfield code="b">K. Hurley et al. Nature 434, 1098 (2005).</subfield>
  </datafield>
  <datafield tag="999" ind1="C" ind2="5">
    <subfield code="o">[2]</subfield>
    <subfield code="i">2005ApJ...627L.129S</subfield>
    <subfield code="e">1</subfield>
    <subfield code="f">ARXIV</subfield>
    <subfield code="b">Schwartz S. J. et al. Astrophys. J. 627, L129 (2005)</subfield>
  </datafield>
  <datafield tag="999" ind1="C" ind2="5">
    <subfield code="o">[3]</subfield>
    <subfield code="i">2005ApJ...624L.105M</subfield>
    <subfield code="e">1</subfield>
    <subfield code="f">ARXIV</subfield>
    <subfield code="b">S. Mereghetti et al. Astrophys. J. 624, L105 (2005)</subfield>
  </datafield>
  <datafield tag="999" ind1="C" ind2="5">
    <subfield code="o">[4]</subfield>
    <subfield code="i">2005Natur.434.1110T</subfield>
    <subfield code="e">1</subfield>
    <subfield code="f">ARXIV</subfield>
    <subfield code="b">T. Terasawa et al. Nature 434, 1110 (2005).</subfield>
  </datafield>
  <datafield tag="999" ind1="C" ind2="5">
    <subfield code="o">[5]</subfield>
    <subfield code="i">2005Natur.434.1107P</subfield>
    <subfield code="e">1</subfield>
    <subfield code="f">ARXIV</subfield>
    <subfield code="b">Palmer, D. M., Nature 434, 1107 (2005).</subfield>
  </datafield>
  <datafield tag="999" ind1="C" ind2="5">
    <subfield code="o">[6]</subfield>
    <subfield code="i">2004astro.ph..6133W</subfield>
    <subfield code="r">arxiv: astro-ph/0406133</subfield>
    <subfield code="e">1</subfield>
    <subfield code="f">ARXIV</subfield>
    <subfield code="b">P. M. Woods &amp; C. Thompson, arXiv: astro-ph/0406133</subfield>
  </datafield>
  <datafield tag="999" ind1="C" ind2="5">
    <subfield code="o">[7]</subfield>
    <subfield code="i">2000ApJ...534..373C</subfield>
    <subfield code="e">1</subfield>
    <subfield code="f">ARXIV</subfield>
    <subfield code="b">P. Chatterjee, L. Hernquist, and R. Narayan; Astrophys. J. 534, 373, (2000)</subfield>
  </datafield>
  <datafield tag="999" ind1="C" ind2="5">
    <subfield code="o">[8]</subfield>
    <subfield code="i">2005ApJ...623L..41E</subfield>
    <subfield code="e">1</subfield>
    <subfield code="f">ARXIV</subfield>
    <subfield code="b">K. Y. Eksi, L. Hernquist, and R. Narayan; Astrophys. J. 623, L41, (2005)</subfield>
  </datafield>
  <datafield tag="999" ind1="C" ind2="5">
    <subfield code="o">[9]</subfield>
    <subfield code="i">2003ApJ...599..450E</subfield>
    <subfield code="e">1</subfield>
    <subfield code="f">ARXIV</subfield>
    <subfield code="b">K. Y. Eksi and M. A. Alpar, Astrophys. J. 599, 450 (2003)</subfield>
  </datafield>
  <datafield tag="999" ind1="C" ind2="5">
    <subfield code="o">[10]</subfield>
    <subfield code="i">2007ApJ...657..441E</subfield>
    <subfield code="e">1</subfield>
    <subfield code="f">ARXIV</subfield>
    <subfield code="b">U. Ertan et al.; Astrophys. J. 657, 441 (2007)</subfield>
  </datafield>
  <datafield tag="999" ind1="C" ind2="5">
    <subfield code="o">[11]</subfield>
    <subfield code="i">1999ApJ...511..885F</subfield>
    <subfield code="e">1</subfield>
    <subfield code="f">ARXIV</subfield>
    <subfield code="b">C. L. Fryer, S. A. Colgate and P. A. Pinto; Astrophys. J. 511, 885 (1999)</subfield>
  </datafield>
  <datafield tag="999" ind1="C" ind2="5">
    <subfield code="o">[12]</subfield>
    <subfield code="i">2007Ap&amp;amp;SS.308...43I</subfield>
    <subfield code="e">1</subfield>
    <subfield code="f">ARXIV</subfield>
    <subfield code="b">A. I. Ibrahim et al., Astroph. &amp; Sp. Sci. 308, 43 (2007)</subfield>
  </datafield>
  <datafield tag="999" ind1="C" ind2="5">
    <subfield code="o">[13]</subfield>
    <subfield code="i">2006Natur.440..772W</subfield>
    <subfield code="e">1</subfield>
    <subfield code="f">ARXIV</subfield>
    <subfield code="b">Z. Wang, D. Chakrabarty and D. L. Kaplan, Nature 440, 772 (2006)</subfield>
  </datafield>
  <datafield tag="999" ind1="C" ind2="5">
    <subfield code="o">[14]</subfield>
    <subfield code="i">1998PhRvL..80.2988M</subfield>
    <subfield code="e">1</subfield>
    <subfield code="f">ARXIV</subfield>
    <subfield code="b">H. Mosquera Cuesta et al, Phys. Rev. Lett. 80, 2988 (1998)</subfield>
  </datafield>
  <datafield tag="999" ind1="C" ind2="5">
    <subfield code="o">[15]</subfield>
    <subfield code="i">2005A&amp;amp;A...441..845D</subfield>
    <subfield code="e">1</subfield>
    <subfield code="f">ARXIV</subfield>
    <subfield code="b">E.M. de Gouveia Dal Pino, A. Lazarian, Astron. &amp; Astrophys., 441, 845 (2005)</subfield>
  </datafield>
  <datafield tag="999" ind1="C" ind2="5">
    <subfield code="o">[16]</subfield>
    <subfield code="i">2007A&amp;amp;A...462.1017B</subfield>
    <subfield code="e">1</subfield>
    <subfield code="f">ARXIV</subfield>
    <subfield code="b">I. Bombaci, G. Lugones and I. Vidana, Astron. &amp; Astrophys., 462, 1017 (2007)</subfield>
  </datafield>
  <datafield tag="999" ind1="C" ind2="5">
    <subfield code="o">[17]</subfield>
    <subfield code="i">1987ApJ...321L.129C</subfield>
    <subfield code="e">1</subfield>
    <subfield code="f">ARXIV</subfield>
    <subfield code="b">J. Cooperstein, L.J. van den Horn &amp; E. Baron, Astrophys. J. 321, L129 (1987)</subfield>
  </datafield>
  <datafield tag="999" ind1="C" ind2="5">
    <subfield code="o">[18]</subfield>
    <subfield code="i">1986ApJ...309..653C</subfield>
    <subfield code="e">1</subfield>
    <subfield code="f">ARXIV</subfield>
    <subfield code="b">J. Cooperstein, L.J. van den Horn &amp; E. Baron,  Astrophys. J. 309, 653 (1986).</subfield>
  </datafield>
  <datafield tag="999" ind1="C" ind2="5">
    <subfield code="o">[19]</subfield>
    <subfield code="i">1994PhRvD..50.6100L</subfield>
    <subfield code="e">1</subfield>
    <subfield code="f">ARXIV</subfield>
    <subfield code="b">G. Lugones, O. G. Benvenuto &amp; H. Vucetich, Phys. Rev. D50, 6100 (1994)</subfield>
  </datafield>
  <datafield tag="999" ind1="C" ind2="5">
    <subfield code="o">[20]</subfield>
    <subfield code="e">5</subfield>
    <subfield code="f">ARXIV</subfield>
    <subfield code="b">G. Marranghello, C.Z. Vasconcellos and J.A. de Freitas Pacheco Phys. Rev. D 66, 064027 (2002), G. Miniutti, J.A. Pons, E. Berti, L. Gualtieri and V. Ferrari, MNRAS 338, 389 (2003).</subfield>
  </datafield>
  <datafield tag="999" ind1="C" ind2="5">
    <subfield code="o">[21]</subfield>
    <subfield code="i">1984ApJ...287..244H</subfield>
    <subfield code="e">1</subfield>
    <subfield code="f">ARXIV</subfield>
    <subfield code="b">L. Hernquist &amp; J.H. Applegate, Astrophys. J. 287, 244 (1984)</subfield>
  </datafield>
  <datafield tag="999" ind1="C" ind2="5">
    <subfield code="o">[22]</subfield>
    <subfield code="i">1983ApJ...272..286G</subfield>
    <subfield code="e">1</subfield>
    <subfield code="f">ARXIV</subfield>
    <subfield code="b">E.H. Gudmundsson et al. Astrophys. J. 272, 286 (1983)</subfield>
  </datafield>
  <datafield tag="999" ind1="C" ind2="5">
    <subfield code="o">[23]</subfield>
    <subfield code="i">2002ApJ...580L..69L</subfield>
    <subfield code="e">1</subfield>
    <subfield code="f">ARXIV</subfield>
    <subfield code="b">Y. Lyubarsky et al. Astrophys. J. 580, L69 (2002)</subfield>
  </datafield>
  <datafield tag="999" ind1="C" ind2="5">
    <subfield code="o">[24]</subfield>
    <subfield code="i">1989ApJ...336..360E</subfield>
    <subfield code="e">1</subfield>
    <subfield code="f">ARXIV</subfield>
    <subfield code="b">D. Eichler &amp; A.F. Cheng, Astrophys. J. 336, 360 (1989).</subfield>
  </datafield>
  <datafield tag="999" ind1="C" ind2="5">
    <subfield code="o">[25]</subfield>
    <subfield code="i">1991ApJ...375..209H</subfield>
    <subfield code="e">1</subfield>
    <subfield code="f">ARXIV</subfield>
    <subfield code="b">P. Haensel, B. Paczynski and P. Amsterdamski, Astrophys. J. 375, 209 (1991)</subfield>
  </datafield>
  <datafield tag="999" ind1="C" ind2="5">
    <subfield code="o">[26]</subfield>
    <subfield code="i">2002ApJ...581L.101L</subfield>
    <subfield code="e">1</subfield>
    <subfield code="f">ARXIV</subfield>
    <subfield code="b">G. Lugones et al., Astrophys. J. 581, L101 (2002)</subfield>
  </datafield>
  <datafield tag="907" ind1=" " ind2=" ">
    <subfield code="a">ARXIV</subfield>
  </datafield>
  <datafield tag="500" ind1=" " ind2=" ">
    <subfield code="a">4 pages, submitted to Phys. Rev. Lett</subfield>
    <subfield code="9">ADS</subfield>
  </datafield>
  <datafield tag="995" ind1=" " ind2=" ">
    <subfield code="a">{"abs":[{"p":"/proj/ads/abstracts/pre/text/X01/X01-85598.abs","t":"1193103383"}],"links":{"preprint":[{"u":"0710.3984"}]},"prop":["arxiv_32","arxiv_45"],"refs":[{"p":"/proj/ads/references/resolved/arXiv/0710/3984.raw.result","t":1330214302}]}</subfield>
    <subfield code="9">PRE</subfield>
  </datafield>
</record>
</collection>